2563 4087
966 257 1041 308 11.
1080 271 1122 306 s.
1162 258 1208 307 1.
1766 296 1772 303 .
1985 254 2065 319 19

136 393 284 464 υίὸν
316 395 832 483 ἀποκτανθῆναι
868 396 1335 467 διακελεύεται.
1406 395 1442 466 ὁ
1482 396 1559 465 δὲ
1594 398 1907 487 δεύτερος
1944 427 2061 486 φι-

46 550 47 553 ,
137 497 411 586 λόσοφος
448 498 804 587 παραστὰς
838 500 935 590 τῷ
957 498 1239 587 ’βασιλεῖ
1259 500 1375 568 καὶ
1407 501 1519 569 ἐπὶ
1545 502 1665 587 τῆς
1691 501 1816 587 γῆς
1843 501 2060 587 συνή-

135 608 262 679 θως
305 600 818 689 προσκυνήσας,
868 605 1028 689 ἔφη·
1095 604 1476 689 ,,βασιλεῦ,
1524 608 1624 681 εἰς
1672 601 1793 671 τὸν
1839 606 2060 672 αἰῶνα

134 704 278 789 ζῆθι.
333 700 594 789 άκήκοά
643 702 850 770 πάλιν
887 701 965 771 σὲ
998 703 1169 771 κατὰ
1216 707 1340 771 τοῦ
1390 707 1517 772 σοῦ
1554 706 1716 773 υἱοῦ
1752 700 2059 772 θάνατον

44 892 45 897 ¹
137 799 633 891 ἀποφήνασθαι·
661 803 797 880 ,διὰ
844 805 962 873 καὶ
1011 808 1347 885 δουλικῶς
1382 804 1707 896 ἀναφέρω
1752 808 1848 897 τῶ
1884 807 2054 896 κρά-
2085 835 2111 876 ι

136 929 214 972 τει
250 925 369 975 σου
410 903 543 994 ῶς,
579 912 644 976 εἰ
673 908 792 974 καὶ
832 907 1072 975 ἑκατόν
1093 958 1113 993 ,
1150 914 1214 976 εἰ
1249 906 1575 995 δυνατόν,
1612 909 2058 997 προῦπῆρχόν

138 1025 226 1073 σοι
255 1011 530 1096 παῖδες,
568 1006 695 1076 οὐκ
733 1012 867 1077 ἔδει
902 1028 978 1077 σε
1015 1011 1138 1077 ἕνα
1171 1009 1435 1077 τούτων
1468 1009 1752 1100 θανάτῳ
1786 1007 2057 1098 ύποβα-

139 1115 296 1197 λεῐν,
342 1111 461 1181 καὶ
511 1106 589 1178 τό
642 1118 870 1197 μεῖζον
924 1108 1294 1201 ἀναιτίως·Δ
1340 1114 1568 1201 πολλῶ
1621 1113 1885 1199 μᾶλλον
1935 1115 2057 1180 ἕνα

140 1211 351 1295 ἔχοντά
389 1231 466 1281 σε
502 1215 758 1299 παῖδα,
795 1216 938 1292 πῶς
976 1233 1052 1281 σε
1086 1210 1212 1301 χρὴ
1243 1212 1709 1301 φιλοστόργως
1734 1216 1855 1299 τῆς
1888 1216 2055 1299 ζωῆς

141 1308 328 1381 αὐτοῦ
378 1314 841 1403 περιέχεσθαι;
895 1312 981 1383 σύ
1022 1313 1099 1383 δὲ
1132 1312 1543 1383 τούναντίον
1578 1311 1796 1401 ἅπαν,
1834 1302 1886 1381 ῶ
1921 1322 2052 1402 βα-
2082 1344 2131 1383 10

140 1419 334 1501 σιλεῦ,
367 1415 664 1495 κελεύεις
700 1415 1143 1504 ἀναιρεθῆναι
1176 1415 1422 1484 αὐτόν
1463 1413 1638 1485 ὅπου
1675 1443 1752 1502 γε
1786 1420 2048 1503 μᾶλλον
2073 1456 2118 1494 p.
2136 1441 2256 1484 2613.

140 1517 347 1602 πρέπει
399 1520 763 1606 ἐρευνῆσαι
776 1516 1161 1643 ,πρότερον
1196 1525 1260 1587 εί
1312 1515 1575 1605 ἀληθὴς
1621 1515 1755 1606 άρα
1803 1519 1919 1585 καὶ
1970 1517 2053 1586 ου’

141 1618 365 1705 ψευδὴς
412 1620 532 1687 καὶ
582 1622 977 1707 πανοῦργος
1012 1617 1306 1706 ὑπάρχει
1351 1617 1393 1705 ἡ
1424 1618 1579 1689 κατ’
1621 1618 1841 1689 αὐτοῦ
1881 1643 2054 1708 προ-

138 1728 378 1789 τεθεῖσα
416 1721 717 1809 διαβολή.
784 1723 1027 1802 σκέψαι
1060 1726 1468 1811 τοιγαροῦν,
1506 1712 1559 1789 ῶ
1596 1723 1929 1807 δέσποτα,
1963 1723 2056 1809 μή

44 1848 47 1853 ·
141 1843 259 1899 πως
293 1819 548 1902 αδίκως
580 1823 704 1890 τὸν
738 1823 901 1892 υἱόν
939 1842 1064 1893 σου
1103 1824 1508 1911 φονεύσεις,
1538 1825 1653 1891 καὶ
1690 1827 1944 1911 πικρῶς
1984 1826 2051 1903 ἐς
2079 1850 2129 1891 15

139 1916 393 2010 ὕστερον
446 1932 971 2013 μεταμεληθείς,
1024 1924 1316 1995 σεαυτὸν
1362 1922 1729 2012 ἀνωφελῶς
1779 1924 2050 2013 αἰτιάσῃ

44 2091 45 2096 ,
140 2024 232 2092 καὶ
263 2028 565 2117 μέμψῃ,
577 2028 693 2096 καὶ
742 2027 959 2096 πολλα
1005 2028 1287 2115 ζητήσας
1332 2026 1453 2096 τὸν
1499 2024 1661 2096 υἰὸν
1707 2025 1870 2115 μετὰ
1923 2029 2051 2094 δα-

140 2125 343 2208 κρύων
376 2131 493 2198 καὶ
532 2128 752 2197 πόνου
790 2128 917 2215 οὐχ
955 2128 1303 2218 εύρήσεις,
1338 2131 1454 2197 καὶ
1492 2129 1914 2218 συμβήσεταί
1948 2148 2052 2197 σοι

144 2222 336 2317 ὥσπερ
370 2233 505 2300 τινὶ
546 2230 819 2322 ἐμπόρῳ
857 2233 1354 2321 συμβεβηκέναι
1387 2232 1648 2317 λέγεται
1681 2235 1901 2299 τοῦτο.

271 2335 443 2402 Φασὶ
480 2333 612 2421 γὰρ
647 2334 805 2419 περὶ
836 2336 1131 2421 ἐκείνου,
1168 2332 1260 2413 ῶς
1292 2332 1413 2402 ἐάν
1438 2359 1501 2401 τι
1529 2335 1842 2421 ρυπῶδες
1874 2331 2051 2421 έῶρα
2076 2360 2129 2401 20

142 2437 221 2508 εἴς
243 2459 302 2499 τι
323 2437 460 2501 τῶν
490 2435 910 2523 ἐσθιομένων
946 2431 989 2520 ἢ
1025 2445 1121 2515 εἷς
1148 2462 1212 2503 τι
1236 2438 1376 2502 τῶν
1404 2436 1787 2523 πινομένων
1813 2436 2049 2521 εἰδῶν,

141 2527 269 2599 οὐδ’
289 2532 465 2616 ὅλως
489 2534 709 2606 αὐτοῦ
726 2537 1245 2625 μετελάμβανεν.
1292 2539 1366 2604 ἐν
1389 2540 1507 2625 μιᾷ
1529 2541 1705 2622 γοῦν
1723 2540 1861 2603 τῶν
1881 2533 2049 2622 ἡμε-

46 2681 49 2690 ·
142 2635 256 2716 ρῶν
291 2639 398 2706 ἐπὶ
434 2646 904 2727 πραγματείαν
934 2638 1366 2727 ἐξεπορεύετο
1400 2639 1517 2706 καὶ
1546 2647 1643 2717 εἰς
1669 2664 1818 2705 τινα
1848 2636 2049 2704 πόλιν

143 2740 535 2828 καταλαβών,
556 2743 631 2809 ἐν
649 2738 826 2829 αὐτῇ
846 2742 1233 2809 κατέλυσεν.
1273 2738 1417 2807 εἶτα
1435 2739 1558 2808 τὸν
1578 2736 1767 2829 αύτῷ
1787 2735 2048 2827 ὑπήρε-

141 2839 363 2906 τοῦντα
386 2830 751 2911 νεανίσκον
794 2843 905 2910 ἐπὶ
941 2842 1067 2928 τὴν
1107 2840 1369 2929 ἀγορὰν
1410 2842 1726 2930 ἐκπέμπει
1760 2840 1843 2909 τὰ
1878 2840 2049 2929 πρὸς
2075 2866 2127 2907 25

144 2941 374 3026 τροφὴν
399 2942 616 3012 αὐτοῦ
642 2944 1126 3029 ἐξωνήσασθαι.
1168 2940 1207 3011 ὃ
1227 2942 1303 3011 δὲ
1325 2943 1721 3030 ἐντυγχάνει
1735 2944 2046 3011 τινὶνεά-

255 3172 282 3220 1
315 3169 716 3228 διακελεύεται
750 3177 786 3227 ἰ.
813 3192 857 3228 e.
895 3168 1120 3228 κελεύει
1294 3168 1326 3227 ὁ
1365 3166 1426 3225 δ’
1463 3169 1653 3239 ἕτερος
1689 3183 1740 3227 et
1774 3191 1804 3226 e
1838 3191 1975 3227 corr.
2014 3166 2046 3227 ὃ

141 3226 379 3304 δεύτερος
411 3243 458 3294 Α
572 3246 604 3295 9
640 3241 760 3304 πῶς
795 3245 830 3294 ι’.
868 3260 914 3296 e.
953 3236 1028 3303 ῶς
1062 3244 1134 3306 cf.
1174 3245 1253 3304 14,
1290 3247 1359 3295 23
1442 3237 1502 3295 σὲ
1536 3243 1587 3293 V
1704 3246 1766 3294 12
1801 3235 2047 3324 πότερον

48 3325 51 3354 s
139 3297 177 3346 V
297 3307 359 3357 14
392 3302 599 3377 διάβοῆ
637 3313 685 3361 D
830 3313 892 3361 15
937 3305 1042 3362 τὸν
1079 3353 1091 3364 .
1121 3350 1132 3360 .
1171 3309 1391 3376 πικρῶς
1424 3327 1520 3365 om.
1559 3311 1608 3362 A
1744 3305 2048 3375 ἐσύστερον

48 3373 51 3384 “
138 3365 179 3416 V
204 3381 255 3423 ut
281 3391 432 3446 saepe
536 3381 599 3430 19
606 3367 821 3456 ωσπέρ
858 3379 904 3428 V
1017 3382 1085 3430 20
1117 3382 1305 3430 lemma
1338 3381 1499 3430 codd:
1520 3371 1906 3464 παράδειγμα
1941 3378 2044 3429 τοῦ
2147 3397 2150 3400 ’

48 3451 49 3454 ’
142 3431 408 3516 δευτέρου
418 3437 744 3513 φιλοσόφου
890 3440 999 3527 γάρ
1035 3463 1130 3498 om.
1169 3447 1218 3494 V
1366 3449 1429 3497 21
1479 3442 1565 3507 εἰς
1606 3450 1640 3497 ι’.
1675 3464 1720 3498 e.
1760 3438 1822 3497 ἐν
1964 3441 2046 3497 εἰ·

140 3498 468 3629 ξζέἕθέξτιιω
612 3518 678 3566 22
713 3508 1113 3582 μετελάμβανε
1149 3515 1268 3566 libri
1413 3516 1481 3566 24
1515 3506 1883 3580 καταλαβών]
1923 3529 2046 3579 per-

1553 3665 1631 3716 2*

50 3931 375 4052 Lffissss

260 4011 523 4052 ³⁸⁴...13
