2563 4087
472 278 554 342 86
978 336 981 345 ,
1151 279 1298 328 VIII.
1335 278 1553 326 iuuenis
1588 292 1640 326 n.
1681 279 1726 326 1.

440 421 676 489 εδόκα
713 431 963 489 παθεῖν
1001 416 1109 487 διά
1147 418 1310 496 τούς
1360 417 1607 503 λόγους
1659 415 1869 503 αὐτῆς
1917 416 2080 496 τούς
2128 417 2394 500 κακούς,

472 523 586 590 καὶ
626 521 760 589 ἀπὸ
796 521 1044 608 ταύτης
1081 523 1198 606 τῆς
1242 526 1465 597 αἰτίας
1513 516 1918 606 ἠναγκάζετο
1969 518 2135 604 μετὰ
2169 514 2394 604 τέχνης

471 627 866 707 θανατῶσαι
902 621 1024 690 τὸν
1061 626 1292 689 παῖδα.
1362 618 1438 687 τὸ
1476 618 1715 687 λοιπὸν
1767 618 1808 706 ἦ
1848 625 2034 687 αἰτία
2080 620 2203 687 τοῦ
2241 621 2393 686 νέου

475 728 686 811 ἐστίν,
722 723 822 792 ὅτι
856 723 945 812 μὴ
982 723 1106 809 τὴν
1147 722 1429 809 ἐντολὴν
1476 726 1601 789 τοῦ
1639 720 2050 789 διδασκάλου
2091 720 2400 809 ἐτήρησεν

421 856 446 895 5
475 832 590 894 ἵνα
628 825 930 914 σιωπήσῃ
952 879 970 912 ,
1009 823 1162 892 ἀλλ’
1196 824 1476 911 έλάλησε
1513 822 1682 908 πρὸς
1716 822 1839 909 τὴν
1876 837 2172 910 γυναῖκα
2204 823 2397 908 λόγον

387 923 390 926 ’
474 926 769 1015 σκληρὸν
817 929 933 996 καὶ
970 926 1194 1014 φόβου
1231 923 1594 1011 γέμοντα.“
1667 924 1818 993 τότε
1864 923 2260 1012 ἀποκριθεὶς
2295 924 2400 991 καὶ

474 1027 510 1095 ὁ
553 1037 907 1108 Συντίπας
946 1029 1152 1115 λέγει·
1194 1025 1371 1116 „ofin
1411 1032 1582 1114 ἔστι,
1618 1025 1851 1105 καθώς
1884 1032 2157 1113 νομίζω,
2195 1024 2399 1104 οὕτως

476 1129 568 1209 ὣς
621 1128 818 1218 ὑμεῖς
873 1132 1126 1215 λέγετε·
1177 1128 1341 1198 οὐδὲ
1393 1128 1526 1216 γάρ
1580 1126 1615 1196 ὁ
1679 1144 1840 1208 παῖς
1887 1136 2073 1197 αἰτία
2125 1130 2397 1214 ἐγένετο.

476 1230 627 1300 ἀλλ’
670 1231 834 1301 οὐδὲ
868 1235 986 1320 τῆς
1023 1231 1349 1319 ἀληθείας
1389 1233 1539 1298 ἐστί
1581 1257 1642 1298 τι
1676 1239 1899 1318 μεῖζον
1938 1226 2003 1318 [ἢ
2039 1229 2400 1318 ἀληθέστε-

349 1352 359 1358 ’
402 1363 450 1402 ιο
479 1332 663 1423 ρον]“
715 1337 828 1402 καὶ
878 1333 1008 1421 γὰρ
1063 1335 1193 1413 πᾶς
1242 1331 1646 1420 ἄνθρωπος,
1700 1329 1879 1412 ὅστις
1930 1334 2108 1417 λέγει
2160 1331 2398 1401 ἑαυτὸν

479 1436 809 1522 σοφιστὴν
846 1431 886 1520 ἢ
925 1435 1174 1522 ῥήτορα
1210 1430 1688 1520 ἢδιδάσκαλον
1725 1432 1899 1502 εἶναι
1932 1429 1972 1521 ἢ
2009 1434 2401 1520 φιλόσοφον,

479 1536 621 1606 εἶτα
676 1536 995 1616 ψεύδεται
1047 1544 1362 1623 πλεῖστα,
1416 1534 1584 1603 κατά
1641 1534 1968 1621 ἀλήθειαν
2020 1534 2057 1603 ὁ
2109 1539 2400 1612 τοιοῦτος

482 1640 605 1718 ἔξω
641 1647 903 1723 γίνεται
936 1643 1053 1724 τῆς
1094 1639 1342 1706 ἑαυτοῦ
1380 1637 1695 1723 γνώσεως
1742 1634 2044 1724 ἀπάσης,
2094 1639 2207 1705 καὶ
2258 1634 2400 1704 οὔτε

481 1739 694 1826 σοφός
736 1743 912 1808 ἐστιν
952 1737 1107 1807 οὕτε
1145 1739 1369 1827 ῥήτωρ
1407 1735 1447 1826 ἢ
1482 1738 1838 1826 σοφιστής,
1889 1737 2040 1805 ἀλλ’
2082 1736 2251 1806 οὐδὲ
2288 1741 2398 1804 τοῦ

401 1869 450 1909 15
479 1844 730 1931 μέρους
777 1844 915 1909 τῶν
978 1849 1230 1926 λογίων
1279 1839 1699 1928 ἀριθμεῖται,
1755 1839 1926 1907 ἀλλά
1982 1841 2256 1927 μᾶλλον.
2296 1840 2401 1924 τῆς

475 1946 612 2011 τῶν
650 1943 1093 2030 ψευδολόγων
1129 1943 1243 2010 καὶ
1279 1942 1670 2031 ὑποκριτῶν
1707 1946 2031 2021 συνοδίας
2079 1942 2193 2008 καὶ
2244 1941 2400 2020 ξυν-

474 2043 786 2127 αυλίας.“

621 2147 1010 2235 Ὑπολαβών
1046 2147 1122 2216 δὲ
1156 2148 1277 2214 τόν
1307 2147 1515 2233 λόγον
1542 2149 1656 2215 καὶ
1686 2147 1722 2215 ὁ
1752 2150 1875 2216 τοῦ
1904 2150 2230 2236 βασιλέως
2258 2147 2401 2225 υἱὸς

275 2276 457 2327 moen.
483 2250 658 2335 λέγει
693 2252 786 2339 τῷ
827 2256 1060 2334 πατρί·
1106 2251 1484 2335 ,,δέσποτα,
1532 2246 1764 2336 ὅρισον
1813 2248 1982 2337 κάμὲ
2033 2247 2402 2335 ἀπολογίαν

401 2378 452 2420 20
477 2348 625 2418 τινά
665 2348 834 2438 πρὸς
878 2352 1094 2418 ταῦτα
1141 2353 1387 2418 δοῦναι
1431 2351 1545 2418 καὶ
1579 2348 1751 2437 ὑμῖν
1790 2348 2224 2438 ἐμφανίσαι.“
2301 2347 2402 2415 ὅτε

474 2453 587 2519 καὶ
644 2450 680 2519 ὁ
734 2452 1056 2540 βασιλεὺς
1110 2453 1482 2539 προέτρεψε
1531 2455 1756 2520 τοῦτο.
1836 2451 2146 2532 κάκεῖνος
2195 2450 2402 2528 εὐθὺς

471 2569 614 2632 τοῖς
667 2554 1061 2641 φιλοσόφοις
1109 2561 1354 2641 φησίν·
1422 2552 1520 2640 ,,ἡ
1571 2553 1693 2641 ἐμὴ
1754 2557 2002 2640 γνῶσις
2065 2553 2237 2641 πρὸς
2287 2552 2401 2638 τὴν

472 2654 807 2744 ὑμετέραν
846 2663 1099 2744 σοφίαν
1138 2654 1229 2734 ὥς
1264 2670 1435 2743 μυῖα
1473 2653 1641 2740 πρὸς
1682 2656 2015 2742 ἐλέφαντα
2051 2655 2399 2743 παραβάλ-

473 2766 684 2825 λεται·
727 2756 877 2824 ἀλλ’
921 2755 1100 2845 ὅμως
1136 2761 1273 2825 τῶν
1311 2756 1628 2845 ῥημάτων
1664 2783 1797 2843 μου
1836 2755 2186 2826 ἀκούσατε.

402 2883 453 2925 25
616 2856 1030 2945 ’Ἄνθρωπός
1061 2886 1158 2938 τις
1192 2860 1521 2947 τράπεζαν
1563 2863 1894 2944 πολυτελῆ
1937 2856 2399 2945 οἰκονομήσας,

613 3057 638 3104 1
676 3056 901 3105 παθεῖν
944 3058 1284 3114 recentiore&
1342 3044 1417 3104 ἄν
1459 3055 1687 3105 παθεῖν
1731 3058 1814 3103 uel
1855 3054 2172 3105 πείσεσθαι
2205 3057 2403 3118 priores

605 3124 639 3172 4
676 3114 911 3189 ἐτήρησε
948 3123 995 3172 V
1120 3125 1151 3173 8
1189 3121 1375 3180 αἴτιος
1410 3122 1468 3171 Μ
1581 3125 1612 3173 9
1648 3112 1687 3186 ἦ
1724 3114 2114 3187 ἀληθέστερον
2146 3123 2401 3173 secludere

470 3192 626 3241 malm*
659 3208 804 3257 quam
831 3181 1257 3255 ἀσφαλέστερον
1280 3205 1563 3254 reponere‚·
1600 3205 1694 3240 om.
1724 3191 1832 3239 MD
1941 3192 2004 3240 12
2031 3191 2274 3255 differunt
2299 3187 2401 3237 MD

613 3260 674 3308 14
711 3250 854 3308 οὐδέ
893 3261 1028 3308 τουὶ)
1137 3260 1196 3307 19
1234 3247 1441 3319 ὦρισον
1478 3258 1524 3303 V
1631 3249 1973 3323 ἀπολογίαν]
2027 3248 2314 3321 ἀπόλογον
2349 3254 2400 3303 Μ

474 3328 511 3375 ί.
538 3341 584 3375 e.
623 3326 1122 3375 narratiunculam:
1161 3328 1301 3391 qnod
1334 3329 1433 3375 etsi
1462 3328 1549 3375 illo
1582 3332 1848 3389 praestat,
1886 3332 2052 3376 tamen
2089 3317 2404 3390 ἀπολογίαν

471 3397 506 3443 ἰ.
531 3409 575 3444 e.
615 3408 935 3458 responsum
983 3409 1016 3442 a
1058 3397 1314 3455 scriptore
1355 3393 1641 3457 profectum
1679 3408 1790 3442 esse
1832 3394 1990 3455 efficit
2038 3391 2264 3442 δοῦναι.
2307 3405 2403 3439 non

472 3463 806 3511 intelleaeerat
838 3464 994 3524 iyicur
1031 3464 1169 3540 quod
1200 3463 1251 3510 in
1289 3461 1567 3526 archetypo
1604 3463 1873 3509 inuenerat
1908 3478 1960 3509 u.
1999 3450 2285 3524 ἀπόλογον

472 3529 539 3605 22⁹3
577 3522 896 3596 ἐλέφαντα]
938 3527 1233 3598 δρακοντα
1268 3530 1326 3578 Μ
1498 3530 1564 3578 25
1610 3531 1782 3577 lemma
1817 3526 1919 3579 τοῦ
1956 3522 2096 3577 νέου
2133 3520 2401 3592 βασιλέως

471 3611 661 3662 νοημα
