2563 4087
2007 238 2129 303 175

330 380 407 450 Ὁ
446 381 524 449 δὲ
556 380 876 470 βασιλεῦς
910 379 1284 470 ’ὑπολαβών
1325 388 1450 470 ἔφη
1488 384 1581 473 τῷ
1616 383 1782 472 υἱῷ·
1839 381 2128 471 ’γνώρι-

177 483 312 554 σόν
344 510 487 571 μοι,
523 485 789 570 τέκνον,
824 485 972 563 πῶς
1011 487 1084 553 ἐν
1120 483 1244 572 μὲν
1279 499 1423 563 τοῖς
1460 486 1881 572 προλαβοῦσι
1905 485 2127 571 τρισὶν

177 590 419 654 ἔτεσιν·
454 583 559 654 οὐ,
589 586 985 674 μεμάθηκας
1033 585 1158 671 τὴν
1216 590 1352 654 νῦν
1415 586 1962 673 προσγενομένην
1999 605 2130 654 ’σοι

174 686 581 775 λογιότητα,
630 688 794 756 νυνὶ
845 685 924 754 δὲ
973 689 1048 755 ἐν
1098 686 1331 774 μόνοις
1378 702 1523 766 τοῖς
1561 689 2022 775 παρελθοῦσιν
2059 687 2126 767 ἓξ

173 790 396 876 μησὶν
434 790 548 857 ἐπὶ
582 793 912 857 τοσοῦτον
951 787 1370 876 ἐσοφίσθης;’
1428 787 1464 856 ὁ
1505 787 1582 858 δὲ
1618 804 1779 867 παῖς
1806 792 1900 879 τῷ
1929 796 2127 877 βασι-
2176 814 2203 855 5

175 898 290 960 λεῐ
336 888 753 978 ἀπεκρίνατο
804 886 896 969 ὥς
936 888 1075 981 *τῷ
1121 888 1311 976 τότε,
1375 880 1427 958 ὦ
1474 893 1792 978 βασιλεῦ,
1852 897 1947 959 ἔτι
1994 916 2127 978 μου

173 991 655 1080 νηπιάζοντος,
706 990 788 1059 οὐ
837 991 1231 1079 συνήργουν
1277 991 1596 1079 ἀλλήλαις
1641 997 1721 1059 αί
1750 995 2137 1080 προσοῦσαί

175 1119 295 1180 μοι
330 1097 458 1161 τοῦ
497 1093 809 1180 σώματος
844 1094 959 1164 καὶ
996 1097 1115 1182 τῆς
1148 1098 1371 1181 ψυχῆς
1399 1093 1762 1180 αἰσθήσεις.
1820 1093 1971 1161 τότε
1996 1092 2129 1179 γάρ

177 1220 320 1282 μου
357 1194 437 1261 τὸ
476 1197 668 1282 σῶμα
704 1193 1032 1320 ἀφήλικος
1069 1195 1288 1283 πάντη
1324 1195 1818 1281 τυγχάνοντος,
1870 1191 2028 1263 οῦτε
2063 1199 2135 1262 οί

177 1293 538 1384 ὀφθαλμοι
593 1293 752 1364 οῦτε
804 1293 846 1383 ἡ
898 1299 1167 1383 γλῶττα
1219 1293 1378 1365 οὔτε
1428 1295 1470 1384 ἡ
1516 1300 1767 1384 καρδία
1815 1293 2128 1382 ἀλλήλοις
2156 1324 2207 1363 ιο

178 1396 650 1486 συνεκρότουν
713 1398 884 1486 πρὸς
943 1400 1067 1484 τὴν
1126 1401 1246 1486 τῆς
1309 1402 1748 1476 διδασκαλίας
1808 1397 2126 1485 μάθησιν.

178 1497 353 1568 οὐδὲ
387 1498 522 1585 γὰρ
559 1499 862 1569 δυνατὸν
900 1505 997 1570 ἔτι
1030 1498 1458 1588 νηπιόφρονα
1494 1497 1847 1586 πεφυκότα
1873 1502 2129 1586 γνῶσιν

179 1598 481 1689 εὐχερῶς
534 1601 1086 1686 ἐκδιδάσκεσθαι,
1141 1600 1387 1671 καθότι
1434 1600 1620 1670 ἅπαν
1668 1606 1942 1670 παιδιόν
1977 1615 2127 1679 ταῖς

181 1706 487 1781 παιδιαῖς
530 1704 645 1771 καὶ
681 1708 765 1791 τῇ
805 1701 1013 1791 ἀργίᾳ
1052 1702 1502 1791 ἐνηδόμενον,
1554 1701 1637 1772 οῦ
1679 1707 2129 1793 προσεκτικῶς

182 1803 307 1872 τὸν
352 1808 530 1873 νοῦν
577 1806 731 1893 περὶ
788 1805 914 1892 τὴν
968 1808 1413 1875 διδασκαλίαν
1475 1809 1863 1887 διατίθεται.
1937 1802 2126 1890 κάγώ
2156 1829 2206 1870 15

181 1905 297 1991 δέ,
350 1896 403 1973 ὦ
449 1909 768 1993 βασιλεῦ,
830 1904 953 1974 τὸν
999 1903 1219 1974 αὐτὸν
1267 1906 1530 1994 τρόπον
1578 1910 1673 1996 τῷ
1721 1906 1872 1974 τότε
1920 1912 2003 1994 τῇ
2059 1932 2132 1974 τε

183 2004 413 2098 ἡλικία
451 2008 559 2079 καὶ
598 2010 682 2097 τῇ
723 2012 993 2099 διανοίᾳ
1031 2012 1485 2097 διακείμενος,
1533 2006 1742 2077 οὐδὲν
1778 2005 1953 2086 ὅλως
1987 2011 2129 2075 τῶν
2154 2043 2199 2081 p.
2231 2033 2308 2072 111

183 2109 694 2197 διδασκομένων
730 2108 1088 2199 ἠδυνάμην
1123 2109 1638 2199 καρπώσασθαι,
1677 2106 1791 2178 ἅτε
1825 2107 1916 2197 μὴ
1947 2109 2117 2178 τοῦ-

180 2238 349 2299 τοις,ι
368 2211 446 2280 τὸ
500 2212 822 2301 παράπαν
866 2211 991 2282 τὸν
1040 2216 1337 2300 ἐμαυτοῦ
1397 2216 1571 2281 νοῦν
1633 2217 2115 2300 προσερείδων,

182 2310 333 2381 ἀλλ’
393 2311 486 2392 ὦς
536 2313 882 2402 νηπιοὶδης
931 2315 1425 2403 διεσπαρμένον
1472 2311 1690 2382 αὐτὸν
1729 2319 1916 2399 ἔχων.
1989 2311 2120 2401 ἤδη
2145 2340 2197 2379 20

185 2413 261 2483 δὲ
307 2414 345 2482 ὁ
398 2415 807 2499 διδάσκαλός
852 2443 986 2504 μου
1027 2423 1384 2494 Συντίπας
1419 2414 1495 2483 τὸ
1532 2415 1767 2497 νεάζον
1803 2419 1919 2501 τῆς
1960 2418 2121 2501 ε’μῆς

184 2513 448 2603 ἡλικίας
498 2520 960 2606 περισκοπῶν,
1009 2516 1136 2586 οὐκ
1187 2520 1527 2606 ε’μβριθῶς
1573 2544 1655 2604 με
1694 2518 2121 2596 ἐξεδίδασκεν

186 2616 350 2686 οὐδὲ
409 2634 555 2699 τοῖς
619 2620 973 2708 δυσχερέσι
1032 2616 1182 2689 κατ’
1249 2617 1460 2707 ἀρχὰς
1524 2617 1750 2701 λόγοις
1813 2616 1985 2704 πρός
2038 2643 2121 2704 με

188 2719 534 2807 ἐχρήσατο,
582 2724 698 2789 ἵνα
734 2719 824 2808 μὴ
861 2725 961 2811 τῷ
992 2725 1133 2789 τῶν
1168 2724 1519 2809 δυσχερῶν
1557 2722 1671 2789 καὶ
1711 2717 2121 2804 δυσλήπτων

184 2820 376 2910 βάρει
424 2824 490 2903 ἐξ
539 2819 747 2909 ἀρχῆς
794 2828 1295 2910 καταπονηθείς
1344 2821 1567 2891 πάντα
1616 2823 1736 2908 τῆς
1764 2822 1934 2907 ’ἐμῆς
1972 2825 2124 2888 δια-
2150 2846 2202 2913 25

184 2930 373 3002 νοίας
401 2922 763 3012 ἀπορρίψω
790 2923 872 2993 τά
903 2923 1357 3011 διδασκόμενα
1389 2961 1478 2973 --·
1511 2922 1626 2991 καὶ
1655 2922 1787 3010 γὰρ
1816 2920 1981 3010 ᾔδει·
1992 2949 2124 3009 μου

186 3021 227 3089 ὁ
257 3024 663 3105 διδάσκαλος
700 3024 969 3113 ὅτιπερ,
1017 3032 1081 3095 εἰ
1133 3024 1440 3113 ἀμέτρως
1480 3027 1544 3105 ἐξ
1582 3022 1793 3113 ἀρχῆς
1828 3051 1909 3111 με
1949 3026 2129 3092 ἐκδι-

188 3124 468 3213 δάξειεν,
505 3125 802 3216 εὐχερῶς
840 3122 928 3195 ἂν
965 3125 1150 3213 εἶχον
1187 3125 1307 3194 ἀπ’
1351 3125 1568 3195 αὐτοῦ
1608 3125 1978 3214 ἀφηνιάσαι
2012 3126 2127 3193 καὶ

313 3289 1132 3373 5.16tqn?'om.P.cf.152„7
1269 3284 1625 3356 ’ἵσυνῆργον
1746 3289 2007 3368 8μουΡ

187 3346 306 3407 τότε
356 3360 574 3422 scripsit
649 3349 784 3413 οῦτε
846 3361 987 3420 cod.;
1063 3350 1189 3424 ἀφη
1169 3355 1286 3421 λιξ
1349 3358 1722 3409 recentioribus
1768 3363 1847 3407 est
1909 3347 2128 3436 ανηβος

187 3422 449 3489 impuber.
508 3427 652 3481 Lob.
692 3426 818 3476 Phr.
859 3429 943 3478 84.
982 3427 1062 3478 St.
1098 3426 1200 3478 Th.
1238 3426 1283 3487 Ι,
1320 3427 1370 3504 2,
1409 3426 1544 3475 2642
1720 3427 1782 3476 15
1821 3416 2121 3474 διατέθει-

189 3493 309 3541 tm?
451 3495 515 3543 16
550 3491 629 3562 τῷ
665 3509 758 3549 om.
795 3496 840 3546 P
987 3497 1054 3546 23
1091 3509 1389 3559 καταρχας
1425 3501 1475 3544 et
1511 3495 1593 3547 25.
1631 3495 1697 3544 27
1736 3486 1982 3557 ἔξαρχῆς

191 3557 252 3608 28
285 3545 635 3625 ἀφηνιᾶσαι.
683 3564 753 3626 ef.
793 3565 909 3627 153,
948 3565 1014 3613 23

32 3490 35 3525 Ρ

32 3528 35 3545 1

32 3762 35 3777 ἱ
