2563 4087
376 278 427 327 X

378 430 620 495 dicitur
663 431 1026 495 scholarum
1073 433 1142 497 in
1184 453 1373 495 usum
1422 431 1792 498 fabularum
1823 432 2315 514 conlectionem,

378 533 484 597 cui
514 534 716 597 uitam
749 533 1162 620 praefixerat.
1210 535 1416 597 omnis
1447 555 1603 598 uero
1635 531 1715 597 lis
1763 543 1937 597 esset
1967 533 2314 618 dirempta,

379 634 433 698 si
479 632 687 698 codex
718 633 829 698 ille
858 633 1227 715 Leidensis,
1275 657 1471 721 quem
1516 634 1592 699 C.
1625 635 1702 698 L.
1735 633 1911 699 Roth
1957 635 2086 700 sibi
2129 636 2312 699 uisus

378 747 479 802 est
521 737 876 816 inuenisse,
924 736 1181 799 saeculo
1228 737 1502 818 decimo,
1558 758 1685 800 non
1744 737 2005 801 saeculo
2061 736 2315 802 decimo

379 838 604 923 quinto
671 838 951 922 scriptus
1019 840 1208 901 esset.
1312 844 1507 923 atque
1574 859 1719 902 eam
1785 837 1991 902 uitam
2058 861 2145 902 ex
2211 848 2315 902 sat

379 938 597 1005 multis
643 938 831 1005 libris
887 937 1264 1003 emendaui:
1324 960 1595 1025 quorum
1641 941 1802 1004 haec
1847 949 1946 1004 est
1991 939 2310 1005 condicio.

375 1039 507 1104 duo
574 1050 726 1104 sunt
791 1061 1066 1124 genera,
1132 1062 1407 1127 quorum
1474 1042 1665 1105 alteri
1720 1040 1882 1106 nihil
1942 1042 2128 1105 deest
2185 1040 2310 1125 (M,

378 1142 519 1224 ΑΡ,
564 1140 752 1228 QD),
798 1141 1074 1207 alterum
1118 1139 1354 1206 lacuna
1396 1141 1538 1206 hiat
1580 1142 1759 1224 (296,
1809 1144 1898 1228 1).
1985 1143 2099 1207 sed
2145 1144 2313 1208 acci-

377 1242 474 1308 dit
518 1253 591 1307 ut
635 1266 719 1309 ex
775 1243 994 1331 priore
1036 1264 1274 1327 genere
1329 1264 1496 1307 unus
1554 1245 1760 1309 codex
1806 1243 1877 1308 M
1923 1266 2092 1309 saec.
2142 1243 2311 1308 XIV

378 1346 683 1431 scriptus,
731 1368 816 1410 ex
844 1345 1050 1409 altero
1093 1367 1257 1408 unus
1290 1344 1373 1426 V,
1419 1355 1725 1409 exaratus
1756 1355 1830 1410 ut
1861 1347 2057 1410 ceteri
2089 1368 2312 1410 omnes

378 1467 551 1509 sace.
598 1446 750 1525 XV,
808 1466 847 1509 a
891 1445 1356 1529 corrigentium
1412 1445 1682 1510 libidine
1728 1446 1896 1513 liber
1941 1448 2056 1511 sit:
2115 1458 2313 1533 atque

375 1546 481 1610 hio
524 1545 635 1612 illo
692 1548 761 1613 in
816 1545 1094 1630 singulis
1150 1547 1346 1611 rebus
1402 1546 1579 1611 haud
1634 1570 1782 1612 raro
1828 1558 1926 1614 est
1976 1558 2308 1635 praestan-

376 1648 525 1713 tior.
610 1647 678 1712 in
722 1647 823 1713 his
868 1649 1075 1733 igitur
1118 1646 1306 1714 libris
1351 1648 1422 1712 M
1467 1657 1532 1713 et
1578 1649 1639 1713 V
1685 1650 1895 1714 omnis
1943 1650 2308 1715 emendatio

375 1749 595 1835 posita
638 1759 756 1816 est.
847 1772 930 1815 ex
986 1748 1215 1814 eodem
1258 1749 1439 1815 fonte
1495 1738 1713 1816 eutem
1771 1762 2202 1817 manauerunt
2247 1751 2308 1815 A

377 1859 443 1915 et
487 1850 562 1932 P,
610 1874 693 1916 ex
731 1851 958 1917 eodem
1006 1849 1068 1931 Q
1116 1851 1313 1932 et'D,
1360 1873 1444 1916 ex
1489 1853 1716 1917 eodem
1759 1853 1818 1917 Ε
1851 1863 1915 1918 et
1944 1853 2039 1917 H:
2090 1855 2310 1939 itaque

376 1974 542 2039 quae
582 1953 781 2018 foed-a
809 1953 976 2018 uitia
1020 1954 1426 2039 singulorum
1458 1954 1777 2035 codicum,
1824 1953 1877 2017 P
1922 1956 2203 2020 maxime
2247 1964 2313 2019 et

376 2054 482 2135 Q,
517 2066 702 2121 erant
757 2057 1042 2143 propria,
1102 2077 1181 2120 ea
1235 2055 1563 2120 interdum
1617 2077 1720 2119 me
1775 2077 1969 2143 posse
2023 2068 2308 2144 praeter—

373 2157 633 2220 mittere
675 2157 918 2221 censui.
996 2179 1080 2220 ex
1114 2156 1322 2221 altero
1354 2178 1594 2241 genere
1637 2157 1723 2221 ad
1770 2157 2010 2223 librum
2055 2158 2119 2221 V
2162 2181 2309 2245 pro-

375 2257 524 2342 pius
573 2257 837 2331 ‚accedit
893 2258 982 2340 R3
1039 2249 1371 2321 deterrimi
1419 2280 1575 2323 uero
1631 2281 1774 2323 eum
1823 2260 1955 2323 sint
2000 2260 2116 2341 IF,
2163 2259 2311 2343 ZK,

375 2358 632 2423 illorum
679 2356 828 2448 (IF)
876 2359 1230 2443 scripturas
1275 2379 1405 2421 non
1450 2360 1751 2424 omnibus
1795 2359 1956 2425 locis
2003 2360 2121 2422 sed
2164 2369 2308 2423 tan-

376 2459 709 2524 tummodo
755 2459 871 2522 ubi
915 2457 1077 2523 utile
1107 2458 1458 2523 uidebatur
1488 2480 1838 2545 excerpere
1870 2462 2029 2524 satis
2076 2460 2307 2526 habui:

376 2562 604 2647 quain
633 2583 704 2626 re
724 2575 862 2624 'non
891 2581 1122 2624 uereor
1163 2582 1246 2624 ne
1290 2560 1488 2623 nimis
1532 2581 1766 2646 parcus
1814 2561 2020 2626 fuisse
2062 2561 2310 2626 uidear.

378 2662 695 2727 librorum
753 2684 1010 2748 quoque
1068 2663 1136 2726 in
1201 2660 1441 2747 quibus
1494 2661 1699 2725 altera
1756 2661 1884 2747 (W
1929 2662 2038 2727 Mo
2085 2661 2187 2746 U)
2245 2671 2310 2726 et

377 2755 571 2828 tertia
611 2762 879 2829 alterius
922 2763 1155 2829 similis
1202 2763 1314 2849 (L)
1360 2773 1461 2830 est
1502 2765 1818 2844 recensio,
1881 2785 2046 2850 quae
2092 2763 2309 2849 prodi-

377 2864 475 2929 bit
530 2863 737 2928 altero
796 2862 1148 2948 uolumine,
1186 2876 1357 2930 ‘tum
1415 2866 1673 2930 demum
1718 2866 1994 2949 ascripsi
2036 2866 2309 2929 auctori-

377 2976 545 3030 tates
589 2965 704 3029 ubi
748 2967 1186 3030 necessarium
1218 2966 1402 3031 duxi.
1476 2965 1578 3030 his
1624 2976 1840 3032 autem
1885 2967 2041 3031 uitis
2085 2967 2312 3030 adiun-

376 3088 495 3152 gas
553 3087 723 3150 quae
766 3089 808 3130 a
852 3065 1056 3130 Suida
1107 3067 1178 3129 in
1234 3088 1298 3129 ιι.
1346 3088 1408 3131 ιι.
1458 3071 1774 3144 Αἴσωπος
1818 3078 1882 3131 et
1926 3065 2312 3131 Αἰσώπειον

378 3158 539 3251 αἷμα
585 3166 989 3232 adferuntur.
1078 3166 1158 3231 cf.
1214 3166 1446 3233 Corais
1490 3169 1701 3254 praef.
1745 3169 1995 3255 Aesopi
2039 3168 2153 3251 ξγ’.
2199 3164 2312 3252 ξδ’,

378 3270 864 3334 Westermanni
895 3268 1308 3356 Biographos
1339 3293 1405 3355 p.
1437 3270 1541 3354 88,
1589 3271 1893 3335 Grauerti
1934 3271 2017 3334 de
2048 3272 2312 3357 Aesopo

378 3372 621 3439 librum
662 3370 1092 3437 notissimum.

503 3471 855 3558 Reliquum
911 3481 1011 3537 est
1054 3482 1129 3538 ut
1172 3470 1389 3537 dicam
1444 3495 1550 3538 me
1592 3472 1886 3539 brevit-er
1927 3482 2126 3560 atque
2171 3474 2313 3537 sine

379 3576 557 3640 omni
603 3573 942 3640 doctrinae
984 3572 1426 3641 adfectatione
1470 3596 1550 3640 ea
1590 3575 2090 3663 interpretatum
2143 3594 2309 3657 esse,
