2563 4087
2018 261 2136 324 141

183 403 578 487 κακοῦργον
613 400 1124 470 κινδυνεύοντα.
1181 403 1296 470 καὶ
1327 403 1783 490 πορευθέντες
1813 405 2139 489 ἐφίσταν-

177 529 288 569 ται
335 504 435 593 τῷ
492 505 614 570 τοῦ
663 503 989 590 βασιλέως
1043 504 1585 591 σπεκουλάτωρι,
1636 501 1761 592 ἤδη
1814 503 1891 572 τὸ
1942 507 2137 593 ξίφος

185 602 355 690 πρὸς
393 603 524 689 τὴν
561 602 835 691 σφαγὴν
871 608 993 672 τοῦ
1032 604 1276 684 παιδὸς
1314 604 1761 691 ἀνατείνοντι,
1802 607 2136 695 ἐπιμόνως

183 703 402 774 αὐτὸν
453 704 800 786 ἀξιοῦντες
847 707 1072 794 βραχύ
1105 735 1167 775 τι
1209 706 1335 793 τὴν
1369 711 1492 775 τοῦ
1544 707 1786 787 παιδὸς
1835 704 2133 797 ὑπερθέ-

181 817 345 875 σθαι
381 805 761 896 ἀναίρεσιν,
804 804 993 896 ἄχρις
1031 804 1116 876 ἂν
1154 806 1189 877 ὁ
1228 811 1369 876 τῶν
1406 809 1804 897 φιλοσόφων
1843 812 2127 899 ἕβδομος
2165 838 2190 876 5

187 907 356 995 πρὸς
406 908 537 976 τόν
583 911 863 997 βασιλέα
916 913 1213 980 εἰσέλθοι
1251 908 1389 998 ἅμα
1433 937 1505 978 τε
1544 912 1657 980 καὶ
1712 913 1987 992 ἐξέλθοι.
2052 911 2134 982 οὐ

189 1010 322 1096 μὴν
360 1008 542 1078 ἀλλὰ
594 1002 712 1078 καῖ
744 1009 989 1097 δω’ροις
1025 1009 1148 1079 τόν
1196 1009 1417 1099 ἄνδρα
1456 1012 1910 1092 ἐδεξιώσαντο.
1986 1009 2022 1081 ὃ
2060 1015 2138 1084 δὲ

187 1109 346 1190 τούς
384 1113 810 1199 φιλοσόφους
848 1118 1227 1200 αἰδεσθείς,
1264 1117 1348 1204 τῇ
1388 1112 1620 1183 αὐτῶν
1649 1116 2139 1200 συγκατανεύει
2238 1160 2243 1165 -

187 1213 468 1300 αἰτήσει.
546 1212 690 1282 εἶτα
738 1213 773 1281 ὁ
812 1216 952 1282 τῶν
989 1216 1386 1302 φιλοσόφων
1425 1218 1708 1304 ἕβδομος
1745 1216 2136 1304 σύμβουλος

126 1357 138 1371 -
189 1312 359 1404 πρὸς
396 1313 526 1383 τὸν
558 1319 836 1403 βασιλέα
887 1318 1152 1386 ε’κεϊθεν
1201 1316 1585 1406 πορεύεται·
1640 1320 1753 1389 καὶ
1803 1319 2134 1388 εἰσελθών
2167 1349 2212 1385 10

193 1417 701 1505 προσεκύνησεν
730 1415 946 1486 αὐτὸν
976 1420 1089 1487 ἐπὶ
1116 1422 1234 1507 τῆς
1263 1422 1388 1506 γῆς
1416 1428 1539 1488 καί
1561 1406 1752 1507 φησι·
1786 1425 2133 1507 ,,βασιλεῦ,

191 1521 352 1602 ζῆθι.
427 1518 789 1605 γινώσκειν
826 1539 950 1588 σου
987 1519 1064 1589 τὸ
1100 1522 1347 1609 κράτος
1387 1524 1783 1611 έκδυσωπῶ,
1822 1519 1912 1600 ὦς
1951 1524 2134 1603 ἐξαί-

195 1639 335 1687 σιον
384 1617 529 1709 ἅμα
576 1623 689 1689 καὶ
745 1620 1024 1691 ἀνόσιον
1069 1626 1298 1712 δρᾶμα
1347 1627 1657 1712 πειρᾶσαι
1703 1622 2133 1710 ποιήσασθαι,
2161 1664 2205 1701 p.
2236 1653 2285 1693 66

191 1717 421 1812 ’ὅτιπερ
449 1720 572 1790 τὸν
599 1721 760 1792 υίὸν
778 1732 1113 1812 μαχαίρας
1138 1731 1342 1812 ἔργον
1360 1727 1677 1812 γενέσθαι
1696 1726 2132 1814 προσέταξας,

199 1826 353 1912 ψιλῇ
394 1824 727 1910 γυναικὸς
762 1823 1084 1914 ὑποθήκῃ
1125 1824 1343 1906 οὕτως
1379 1825 1833 1908 ἀνεξετάστως
1873 1847 2134 1916 συναρ-
2162 1856 2249 1936 15.

197 1933 466 2012 παγείς,
516 1927 629 1994 καὶ
682 1931 893 1994 ταῦτα
941 1927 1141 2016 μήπω
1194 1928 1547 2016 ἐγνωκώς,
1597 1923 1726 1996 κᾶν
1772 1927 1993 2016 ἀληθῆ
2034 1948 2139 1996 σοι

198 2020 320 2095 κᾶν
356 2030 580 2114 ψευδῆ
630 2028 1014 2117 λελάληκεν.
1089 2027 1416 2118 ἥκουσται
1460 2031 1543 2098 δέ
1583 2056 1695 2119 μοι
1744 2031 1859 2099 καὶ
1908 2035 2134 2116 τοῦτο,

200 2124 284 2206 (ὃς
331 2130 444 2197 διὰ
497 2135 772 2198 πολλῶν
821 2130 1081 2218 εὐχῶν,
1142 2134 1470 2221 νηστειῶν
1522 2159 1593 2201 τε
1646 2133 1760 2199 καὶ
1816 2130 2135 2200 εὐποιιῶν

200 2230 444 2300 θεόθεν
478 2235 724 2300 τοῦτον
761 2232 884 2302 τὸν
932 2239 1145 2303 παῖδα
1182 2234 1273 2303 συ’
1307 2262 1378 2303 τε
1415 2235 1528 2302 καὶ
1566 2228 1607 2320 ἡ
1644 2234 1860 2323 μήτηρ
1900 2234 2136 2323 ἐξῃτή-

203 2344 436 2424 σασθε·
474 2335 588 2401 καὶ
626 2333 737 2401 διά
773 2333 1100 2422 γυναικὸς
1137 2338 1319 2425 ῥῆμα
1354 2334 1622 2429 ὀλέθρῳ
1659 2335 1874 2404 αὐτὸν
1912 2362 2133 2422 παρα·
2161 2363 2210 2402 20

205 2436 437 2517 δίδως;
511 2433 663 2503 ἀλλ’
707 2433 889 2524 ὅμως
923 2464 1057 2525 μου
1092 2443 1234 2507 τῶν
1273 2438 1591 2528 ῥημάτων
1627 2436 1944 2507 ἄκουσον.

340 2534 547 2627 Ἀνὴρ
596 2537 729 2625 γάρ
782 2566 879 2618 τις
927 2530 1012 2626 ἦν
1063 2540 1391 2619 πύθωνος
1440 2543 1708 2627 πνεῦμα
1760 2545 1971 2624 ἔχων,
2019 2540 2132 2606 καὶ

208 2651 340 2716 τοῖς
374 2642 817 2733 βουλομένοις
860 2642 942 2709 τὰ
978 2643 1311 2729 μέλλοντα
1361 2641 1444 2728 δὴ
1480 2639 1982 2728 μαντευόμενος
2018 2642 2131 2708 καὶ

208 2740 443 2827 δαψιλῆ
480 2740 906 2830 ποριζόμενος
957 2744 1161 2832 κέρδη
1186 2762 1199 2775 ·
1255 2741 1337 2812 οὐ
1387 2741 1521 2831 μὴν
1557 2740 1729 2810 ἀλλὰ
1764 2742 1875 2810 καὶ
1918 2749 2134 2830 ἰατρι-

207 2839 314 2924 κῆς
347 2842 582 2930 τέχνης
630 2848 713 2931 τῇ
752 2853 1035 2935 μαντείᾳ
1091 2850 1396 2933 ἔμπειρος
1445 2836 1547 2931 ἦν.
1622 2841 1784 2913 ὅθεν
1820 2845 1935 2912 καὶ
1974 2846 2136 2912 πᾶσι
2161 2871 2210 2911 25

207 2956 338 3020 τοῖς
372 2942 534 3032 παρ’
575 2942 791 3014 αὐτοῦ
845 2949 1394 3035 πυνθανομένοις
1430 2954 1591 3035 περί
1621 2973 1825 3016 τινων
1862 2945 2134 3032 ἀδήλων

213 3040 507 3131 ἑτοίμους
546 3048 832 3116 ἐποιεῖτο
867 3049 987 3128 τὰς
1024 3046 1406 3128 ἀπολύσεις.
1468 3046 1686 3128 οὕτως
1722 3038 1849 3117 οὖν
1886 3045 1920 3115 ὁ
1959 3046 2132 3136 ἀνὴρ
2162 3085 2209 3122 p.
2234 3072 2284 3112 ετ

347 3210 377 3257 6
432 3204 672 3276 εἰσέλθῃ
707 3237 776 3247 —-
813 3203 1025 3277 ἐξέλθῃ
1062 3215 1409 3263 coniunctiuos
1444 3215 1691 3264 restituas
1728 3229 1800 3263 ex
1834 3214 1879 3261 P
2068 3213 2128 3259 12

208 3270 412 3325 litteram
446 3293 480 3341 γ
515 3279 759 3329 librarius
791 3283 1045 3332 omiserat.
1065 3281 1224 3330 rubro
1261 3284 1432 3332 colore
1455 3288 1639 3345 postea
1662 3282 1961 3335 addituram,-
1998 3280 2135 3343 quod

210 3343 376 3393 crebro
410 3345 604 3405 factum
636 3346 817 3396 abhinc
853 3358 1033 3398 notare
1067 3349 1415 3411 supersedebo
1589 3351 1652 3398 13
1686 3344 1985 3410 πειρᾶσαι,
2022 3347 2058 3396 ἰ.
2083 3361 2129 3394 e.

212 3408 387 3476 πειρᾷ,
407 3414 504 3462 iam
524 3429 687 3477 supra
712 3421 935 3464 notatum
1044 3417 1107 3465 14
1130 3409 1219 3467 ὅτι
1239 3431 1345 3466 σου
1371 3408 1470 3467 τὸν
1493 3409 1625 3466 υἱὸν
1644 3416 1706 3465 Ρ.
1731 3416 1802 3478 cf.
1823 3415 1907 3475 66,
1929 3414 1959 3461 2
2068 3414 2130 3462 19

211 3496 588 3630 ἔξητὲἱξασθὲι
631 3518 761 3632 Ρ20
797 3513 922 3584 καὶ]
964 3514 1063 3568 καὶ
1094 3515 1235 3569 νῦνῗ
1273 3514 1373 3568 καὶ
1411 3509 1522 3581 δὴῗ
1660 3518 1727 3567 23
1765 3506 2129 3566 κάντεῦθενῗ

432 3596 595 3642 ουτος
678 3601 687 3631 ι
