2563 4087
402 210 530 277 302
998 262 1007 271 .
1221 210 1470 276 Aesopus
1501 210 1531 263 1

402 399 550 461 την,
599 370 887 460 ὁρκίζων
923 367 1137 437 αὐτὸν
1175 370 1290 438 καὶ
1331 368 1502 437 κατὰ
1536 371 1659 438 τοῦ
1694 376 2017 457 μεγίστου
2059 370 2260 455 Διός,
2307 361 2350 457 ἦ

402 475 537 562 μὴν
583 472 674 562 μὴ
720 474 1229 558 καταφρονῆσαι
1272 474 1391 558 τῆς
1437 470 1827 560 μικρότητος
1875 469 2120 540 αὐτοῦ.
2190 468 2229 539 ὃ
2273 472 2348 540 δὲ

402 574 546 664 μετ’
599 573 803 662 ὀργῆς
849 574 935 659 τῇ
976 572 1257 659 πτέρυγι
1293 574 1595 666 ῥαπίσας
1629 572 1751 641 τὸν
1783 573 2168 661 κάνθαρον,
2226 573 2352 641 τὸν

404 676 672 762 λαγωὸν
719 672 1030 761 ἁρπάσας
1079 674 1480 760 κατέφάγεν.
1553 674 1589 742 ὁ
1639 672 1717 742 δὲ
1752 674 2102 763 κάνθαρος
2137 680 2242 767 τῷ
2278 702 2349 743 τε

349 805 373 844 5
401 777 575 868 ἀετῷ
614 775 1039 863 συναπέπτη,
1076 772 1168 855 ὥς
1194 774 1321 860 τὴν
1349 772 1591 843 καλιὰν
1615 775 1863 847 τούτου
1891 786 2370 864 καταμαθεῖν..

400 879 514 947 καὶ
561 876 645 965 δὴ
683 876 1109 965 προσελθών,
1157 876 1239 944 τὰ
1280 874 1381 945 ὤὰ
1416 877 1664 947 τούτου
1701 885 2161 957 κατακυλίσας
2203 880 2352 946 διέ-

401 991 656 1068 φθειρε.
738 981 860 1047 τοῦ
924 978 1001 1047 δὲ
1049 977 1276 1047 δεινὸν
1337 980 1818 1066 ποιησαμένου,
1878 988 1948 1046 εἴ
1985 1004 2087 1057 τις
2135 982 2352 1048 τοῦτο

397 1081 769 1169 τολμήσειε,
830 1078 995 1148 κάπὶ
1057 1082 1553 1167 μετεωροτέρου
1610 1078 1825 1148 τόπου
1877 1078 1954 1147 τὰ
2013 1079 2353 1166 δεύτερον

398 1182 1114 1269 νεοττοποιησαμένου,
1160 1178 1355 1250 κάκεῖ
1398 1181 1601 1249 πάλιν
1633 1180 2055 1268 ό·κα’νθαρος
2090 1181 2175 1248 τὰ
2232 1193 2350 1251 ἶσα

327 1310 372 1348 ιο
399 1288 643 1355 τοῦτον
679 1285 1009 1371 διέθηκεν.
1065 1281 1102 1351 6
1140 1280 1205 1352 δ’
1247 1281 1441 1363 ἀετὸς
1469 1281 1904 1370 ἀμηχανήσας
1948 1299 2093 1362 τοῖς
2130 1280 2355 1371 ὅλοις,

319 1815 369 1854 15

397 1387 656 1475 ἀναβὰς
688 1387 798 1454 ἐπὶ
825 1384 946 1452 τὸν
977 1392 1139 1470 Δία,
1175 1383 1426 1453 τούτου
1463 1384 1594 1471 γὰρ
1638 1383 1814 1473 ἱερὸς
1843 1381 2018 1452 εἶναι
2044 1386 2350 1471 λέγεται,

397 1505 538 1567 τοῖς
575 1487 790 1556 αὐτοῦ
827 1486 1067 1572 γόνασι
1111 1486 1236 1571 τὴν
1270 1495 1506 1575 τρίτην
1544 1485 1757 1581 γονὴν
1789 1490 1930 1552 τῶν
1978 1482 2138 1553 ὠῶν
2178 1489 2350 1554 ἕπε’-

396 1601 602 1677 θηκε,
649 1591 741 1678 τῷ
795 1590 935 1677 θεῷ
985 1589 1199 1655 ταῦτα
1248 1588 1756 1675 παραθέμενος,
1817 1588 1931 1655 καὶ
1986 1582 2350 1668 ἱκετεύσας

397 1690 780 1776 φυλάττειν.
837 1687 873 1755 ὁ
911 1689 1255 1776 κάνθαρος
1293 1688 1370 1758 δὲ
1401 1689 1663 1778 κόπρου
1693 1704 1994 1776 σφαῖραν
2024 1688 2350 1777 ποιήσας,

397 1792 510 1860 καὶ
546 1786 832 1878 ἀναβάς,
870 1791 980 1858 ἐπὶ
1015 1792 1138 1858 τοῦ
1177 1790 1436 1859 κόλπου
1470 1793 1591 1859 τοῦ
1626 1789 1792 1869 Διὸς
1826 1789 2083 1877 ταύτην
2111 1793 2344 1879 καθῆ-

396 1921 512 1963 κεν
606 1892 642 1961 ὁ
680 1892 757 1961 δὲ
796 1890 972 1970 Ζεύς
1009 1889 1307 1971 ἀναστὰς
1359 1891 1459 1980 ἐφ’
1502 1884 1559 1983 ᾦ
1593 1891 1717 1978 τὴν
1753 1889 1968 1961 ὄνθον
2003 1889 2339 1960 ἀποτινά-

535 2129 560 2174 1
601 2116 840 2202 ὄρκίζων
874 2124 925 2174 V
948 2125 997 2174 R
1022 2124 1069 2175 Φ
1095 2123 1141 2173 Ε
1169 2124 1246 2183 Η;
1285 2126 1337 2173 in
1375 2126 1421 2187 Q
1460 2113 1512 2173 6.
1551 2131 1786 2176 mutatum
1821 2126 1873 2172 in
1908 2114 1959 2173 ὁ.
2069 2113 2267 2174 αὐτῶν
2297 2126 2341 2175 Ρ

396 2188 495 2243 καὶ
531 2185 706 2269 κατα]
747 2184 895 2242 κατὰ
930 2192 977 2240 R
1002 2192 1050 2242 Φ
1078 2192 1120 2240 Ε
1147 2191 1197 2239 D
1222 2192 1268 2240 F
1295 2191 1332 2240 J
1356 2193 1405 2241 K
1432 2191 1471 2239 Z
1497 2207 1533 2239 v
1704 2183 1860 2266 δυὸς
1880 2191 1923 2241 Ρ
2087 2193 2118 2240 2
2156 2208 2337 2243 κατα-

397 2250 745 2324 φρονήσεινῖ
883 2254 985 2324 τὴς
1032 2251 1419 2324 σμηκρότητος
1455 2259 1499 2308 Ρ
1543 2257 1647 2325 τῆς
1691 2250 2031 2325 μικρότητος
2074 2274 2218 2309 corr.
2267 2276 2340 2310 ecc

392 2343 562 2446 {2223
578 2341 770 2446 ἇὲῐεῗιῖ
779 2341 979 2443 ἐκμῖρ
1018 2342 1089 2443 ²²³4
1104 2326 1379 2458 ’ἓῖἷῖἐέ
1397 2395 1444 2457 Q
1490 2320 1978 2473 ,ἷξέὶαῖῗωῖῗίῗέ
2003 2327 2080 2377 ⁶²⁸
2115 2329 2338 2472 ῗέῑῬζὲῑ

393 2478 454 2513 τε
489 2479 582 2514 om.
624 2461 671 2512 Φ
823 2462 855 2510 6
892 2451 1000 2525 οἷα]
1042 2477 1079 2511 α
1114 2463 1166 2510 in
1202 2460 1256 2510 H
1292 2462 1417 2515 add.
1457 2477 1524 2511 m.
1551 2477 1661 2515 rec.
1807 2476 2015 2513 τουτου
2055 2477 2125 2511 ex
2161 2455 2335 2511 τούτο

392 2547 529 2583 corr.
569 2530 615 2591 Q
721 2525 1136 2594 κατακυλίσας]
1164 2544 1423 2611 κατακρη
1427 2527 1634 2594 μνίσας
1672 2532 1718 2579 Α
1754 2522 1902 2580 κατὰ
1928 2519 2252 2594 κριμνήσας
2289 2530 2334 2579 Ρ

547 2593 888 2676 διέφθειρεν
927 2598 979 2645 M
1136 2597 1168 2646 8
1183 2547 1543 2673 τολμήσειεν
1579 2597 1626 2646 V
1648 2595 1706 2644 M
1729 2596 1776 2645 Ε
1804 2598 1870 2659 Η,
1909 2611 1971 2647 εν
2005 2603 2244 2646 mutatum
2281 2599 2335 2646 in

395 2681 420 2715 ε
458 2666 500 2714 Ρ
671 2654 814 2715 κᾶπὶ
853 2655 995 2713 κᾶπι
1035 2664 1086 2712 Κ
1123 2656 1265 2713 noim
1301 2681 1410 2713 cum
1445 2680 1555 2715 uoce.
1591 2678 1715 2728 μετ.
1753 2667 2065 2715 coniunctum
2102 2664 2150 2712 R.

391 2726 810 2808 μετεώροτὲρου
837 2749 884 2781 τ.
915 2731 961 2779 V
985 2723 1402 2808 μετεωρότερον
1425 2724 1605 2781 τόπου
1628 2731 1678 2781 R
1703 2732 1748 2780 E
1772 2732 1811 2781 J
1835 2734 1901 2795 F,
1927 2729 1981 2780 H
2010 2728 2054 2794 (.
2078 2724 2334 2796 .ο’τε’ρον)

392 2791 806 2864 μετεωρότερον
850 2789 1029 2849 τόπον
1074 2799 1122 2847 Κ
1169 2792 1455 2863 μετεώρου
1492 2794 1671 2848 τόπου
1706 2799 1773 2862 Q,
1822 2770 2244 2862 μετεωροτέρου
2283 2816 2331 2851 τ.

391 2868 486 2915 :ed
519 2881 654 2915 corr.
693 2881 764 2915 eoe
799 2862 1085 2945 μετεώρου
1121 2866 1171 2914 D
1321 2859 1661 2929 τοῦεύτερον
1698 2867 1743 2915 F
1771 2868 1817 2915 K
1843 2867 1882 2915 Ζ
1908 2883 1960 2927 ν,
1998 2882 2091 2916 om.
2127 2866 2172 2915 P

392 2936 423 2983 9
460 2926 1052 2999 νεοττοποιησοῖμενον
1097 2937 1167 2994 Ας
1212 2936 1349 2983 inter
1396 2948 1593 2985 νεοττο
1636 2942 1686 2983 ει
1728 2928 2126 3010 ποιησαμένου
2170 2949 2332 2983 erasa

392 3004 424 3049 l
464 3016 484 3049 ι
523 2999 567 3060 Q
675 2993 771 3049 ἶσα
812 3000 1203 3050 REHKZv
1313 3004 1375 3051 10
1414 2992 1596 3053 τούτω
1632 3001 1680 3051 Φ
1717 3017 1934 3052 τουτων
1971 3002 2022 3051 Κ
2135 2994 2332 3051 ὁὸὲΖ

497 3070 557 3116 11
597 3060 811 3117 εἶναι
786 3058 940 3131 ιερός
977 3069 1023 3129 Q
1156 3071 1216 3118 12
1254 3060 1511 3132 ἐπέθηκε
1545 3071 1763 3130 scripsi:
1797 3064 2043 3145 ἔθηκεν
2056 3068 2104 3118 Φ
2141 3062 2330 3130 ἔθηκε

392 3138 553 3186 ceter-2·
586 3135 731 3190 lien-i,-
767 3136 906 3199 quod
928 3135 1143 3185 debebat
1177 3140 1357 3187 saltem
1392 3152 1504 3187 esse
1540 3130 1788 3200 ἐνέθηκε
1825 3141 1906 3187 uel
1941 3130 2152 3213 ἐνῆκε.
2179 3130 2328 3212 ἔθη-

392 3218 491 3254 κεν
527 3193 676 3253 αὐτα
713 3195 809 3253 ἐπὶ
845 3204 969 3260 τοῖς
1004 3201 1107 3252 τοῦ
1133 3195 1261 3262 διὸς
1285 3197 1521 3280 γόνασιν
1544 3203 1614 3252 W
1753 3206 1923 3254 12.13
1957 3211 2075 3266 post
2112 3193 2239 3252 ὠῶν
2276 3209 2330 3251 ec

392 3269 575 3321 ταῦτα
601 3272 914 3335 dwcinyuunt
950 3271 993 3319 Ε
1020 3271 1072 3320 Η
1178 3274 1242 3320 14
1280 3263 1587 3351 φιλαττειν
1610 3271 1656 3319 Α
1759 3266 1976 3336 κόπρον
2001 3269 2051 3318 D
2157 3284 2326 3349 πόιη-

392 3331 636 3404 σάμενος
673 3337 721 3387 Φ
837 3340 899 3391 15
934 3325 1157 3403 ἆναβας
1193 3330 1288 3389 ἐπὶ
1329 3332 1430 3390 τὸν
1464 3333 1680 3389 κόλπον
1718 3355 1762 3387 τ.
1804 3337 1875 3394 ὃ..
1915 3340 1962 3400 Q
2067 3333 2326 3400 κατέθη-

390 3405 574 3456 κενΦ
747 3397 2162 3485 ῙὸἐφῶΜρΒΦΒΗῦΡΚΖειέφῷὴιὸΒΟ

390 3465 576 3524 ὄνθον
619 3488 755 3522 corr.
802 3489 874 3522 ex
919 3464 1146 3553 &9611
1317 3464 1822 3536 ἀποτειναξασθαι
1871 3476 1918 3523 R
1953 3474 1997 3521 E
2033 3471 2088 3520 H
2123 3472 2165 3520 l:
2195 3470 2235 3519 Z
2261 3485 2322 3530 νς

391 3532 619 3589 οἷποτιν.
654 3554 807 3589 eraso
843 3542 931 3603 qui
962 3542 1015 3589 in
1051 3554 1082 3588 ο
1119 3547 1174 3588 ut
1205 3555 1364 3602 saepe
1399 3543 1595 3604 positus·
1630 3547 1745 3591 erat
1781 3547 1993 3590 accentu
2027 3539 2179 3603 oraui
2213 3539 2260 3600 Q
