2563 4087
1011 800 1513 896 Exoe-rpta

782 975 812 1012 e
858 956 1108 1011 codice
1153 951 1551 1009 Dresdensi
1594 951 1642 1004 D
1673 957 1755 1005 33.

433 1124 598 1174 Liber
641 1137 872 1173 sermone
912 1122 1220 1171 Graecorum
1265 1119 1602 1168 recentiorum
1646 1133 1699 1170 a.
1742 1117 1871 1166 1626
1915 1120 2236 1181 conscriptus

251 1210 258 1217 '
289 1217 406 1262 est:
442 1222 619 1258 manus
651 1223 695 1259 s.
733 1206 891 1256 XVII
927 1208 979 1255 in
1014 1211 1297 1269 teyumento
1333 1203 1597 1267 inscripsit
1633 1198 1865 1250 Erastus
1911 1199 1976 1249 de
1998 1201 2104 1251 VII
2144 1217 2236 1250 sa-

294 1292 599 1358 pientibus.
645 1293 873 1341 indicaui
906 1297 1071 1340 autem
1105 1288 1389 1354 ubicunque
1432 1290 1486 1337 in
1519 1286 1673 1336 rebus
1705 1287 1878 1349 paullo
1913 1284 2238 1348 grauioribus

294 1379 569 1440 discrepat
604 1376 669 1425 ab
706 1391 770 1425 ea
804 1377 1104 1426 recensione
1142 1390 1288 1439 quam
1322 1389 1484 1436 supra
1525 1371 1768 1435 expressi
1812 1367 1930 1434 (P),
1986 1370 2238 1418 interdum

212 1491 221 1501 ·
292 1464 451 1512 etiam
486 1461 573 1510 ubi
617 1474 892 1511 consensus
935 1460 1228 1523 scripturae
1273 1458 1516 1508 librorum
1559 1459 1643 1506 uel
1684 1457 2009 1505 coniecturae
2044 1455 2240 1518 aliquid

284 1547 423 1607 fidei
451 1545 640 1606 facere
676 1545 962 1595 uidebatur.
1000 1543 1063 1593 ab
1099 1545 1243 1593 initio
1283 1544 1480 1608 quidem
1515 1547 1669 1590 totum
1704 1542 1963 1603 descripsi
1995 1544 2148 1604 atque
2181 1545 2237 1588 ut

293 1633 376 1680 ita
411 1631 580 1680 dicam
616 1630 858 1679 correxi:
905 1629 1088 1678 deinde
1131 1628 1292 1677 uerba
1337 1642 1467 1692 quae
1511 1628 1563 1675 in
1609 1626 1784 1676 codice
1830 1631 2013 1674 extant
2056 1625 2242 1690 reliqui

297 1730 405 1765 non
438 1719 665 1776 mutata,
702 1713 783 1763 hic
819 1715 923 1763 illic
959 1720 1148 1761 tantum
1185 1714 1370 1762 addita
1404 1712 1513 1761 siue
1548 1712 1896 1760 emendatione
1930 1711 2039 1760 siue
2076 1712 2241 1775 expli-

298 1802 541 1849 catione:
588 1814 689 1864 qua
731 1798 785 1847 in
829 1812 888 1846 re
925 1799 1000 1846 eis
1039 1803 1366 1861 prospectum
1409 1797 1547 1845 uolui
1593 1796 1679 1860 qui
1720 1794 2028 1844 Graecorum
2060 1810 2242 1845 recen⁴

300 1884 490 1932 tiorum
526 1883 775 1932 sermonis
808 1887 925 1930 sunt
958 1883 1145 1944 iynari.

438 1988 596 2065 Αὕτη
622 1990 657 2065 ἦ
700 1993 923 2065 ἱστορία
950 1989 1175 2065 ε’γροὲφη
1203 1990 1362 2064 παρά
1387 2013 1544 2057 τινος
1573 1992 1820 2063 Πέρσου,
1861 1982 2048 2063 ὄνομα
2073 1993 2239 2049 Μοῦ-

305 2100 433 2148 σος,
478 2079 563 2143 εἰς
600 2074 896 2148 ὠφέλειαν
934 2079 1046 2134 τῶν
1087 2072 1616 2148 ἀναγινωσκόντων.

444 2164 552 2228 Εἰς
588 2162 725 2227 τούς
760 2158 1049 2226 παλαιοὺς
1086 2158 1327 2232 καιροὺς
1362 2152 1502 2231 ἦτον
1542 2163 1676 2227 ἕνας
1715 2160 2006 2233 βασιλεύς,
2045 2165 2236 2233 Κῦρος

295 2244 369 2305 τὸ
406 2243 594 2319 ὄνομα
631 2265 759 2303 του·
798 2243 828 2303 ὁ
868 2243 1072 2311 ὁποῖος
1109 2244 1445 2318 ἐβασίλευεν
1485 2247 1570 2311 εἰς
1607 2243 1713 2318 τὴν
1752 2251 2042 2319 Περσίαν·
2084 2247 2238 2320 εἶχεν

297 2331 372 2390 δὲ
409 2330 439 2389 ὁ
481 2327 757 2404 βασιλεὺς
795 2339 1079 2402 γυναῖκας
1118 2327 1287 2387 ἑπτα·
1323 2332 1422 2387 καὶ
1446 2333 1618 2388 παιδὶ
1646 2332 1749 2388 δὲν
1787 2331 1933 2403 εἶχε,
1974 2335 2073 2388 καὶ
2113 2330 2240 2389 izv.-
2290 2337 2317 2377 5

296 2419 453 2473 πᾶτο
489 2415 696 2472 πολλά.
753 2408 905 2487 ὅμως
953 2413 1149 2472 ἐδέετο
1195 2418 1295 2471 καὶ
1340 2413 1693 2487 ἐπαρακοὲλει
1732 2413 1834 2473 τὸν
1871 2414 2020 2472 θεὸν
2057 2413 2242 2471 νύκτα

296 2502 404 2557 καὶ
441 2498 633 2572 ἡμέρα
647 2544 661 2570 ,
701 2497 776 2555 νά
813 2502 915 2556 τοῦ
956 2496 1112 2572 δῶσῃ
1145 2505 1537 2572 κληρονομίαν
1577 2502 1661 2565 εἰς
1688 2498 1976 2571 διαδοχὴν
2012 2500 2114 2568 τῆς
2140 2503 2241 2569 βα·-

301 2591 531 2649 σιλείας
571 2599 699 2640 του·
737 2586 837 2640 καὶ
877 2584 960 2649 εἰς
998 2592 1126 2649 ταῖς
1170 2590 1411 2649 πολλαῖς
1458 2584 1661 2656 δέησες
1708 2578 1958 2654 ἤκουσεν
2006 2581 2034 2640 ὁ
2075 2579 2237 2653 θεὸς,

300 2672 412 2726 καὶ.
451 2666 760 2741 ἐγέννησεν
804 2665 936 2725 υἷόν
984 2673 1090 2740 μία
1116 2663 1231 2725 ἀπὸ
1277 2677 1411 2733 ταῖς
1458 2665 1618 2727 ἑπτά.
1658 2665 1863 2725 λοιπὸν
1899 2663 2244 2739 ἆνοὲθρεφεν

298 2749 488 2812 αὐτὸν
535 2772 606 2824 με
651 2750 945 2824 προσοχὴν
998 2755 1098 2809 καὶ
1146 2749 1467 2824 ἐπιστήμην
1503 2751 1778 2825 μεγάλην,
1838 2756 1937 2810 καὶ
1994 2747 2240 2822 αὖξενεν
2270 2768 2320 2807 10

298 2835 495 2908 ἡμέρα
534 2834 641 2906 τὴν
680 2834 901 2908 ἡμέραν
939 2834 1097 2894 ὦσαν
1147 2836 1279 2902 ἔνας
1327 2835 1572 2920 βλαστὸς
1619 2837 1887 2908 δένδρου.
1949 2842 2050 2895 καὶ
2086 2835 2243 2894 ὦσὰν

445 3064 473 3110 1
513 3078 661 3138 αυτη
733 3052 893 3127 2ὥφ.
969 3065 1000 3112 3
1038 3056 1473 3128 ἔναςΒιιὸίᾳτιε.·
1508 3063 1744 3113 hodierni
1771 3061 2005 3116 Graeci‘'
1976 3083 2111 3126 ενας
2134 3069 2168 3115 i.
2198 3082 2243 3119 e.

306 3123 395 3187 εἷς
466 3145 666 3192 κυροςε
725 3144 934 3179 errores
970 3133 1021 3178 in
1057 3130 1349 3179 accentibus
1392 3134 1646 3193 ponendis
1680 3136 1967 3183 commissos
1999 3138 2098 3185 iam
2130 3135 2248 3195 sere

301 3198 638 3261 praetermisi
726 3198 762 3246 4
804 3187 834 3246 ὁ
866 3188 1078 3274 ὁποῖος
1123 3198 1158 3248 i.
1196 3213 1240 3246 e.
1280 3184 1495 3284 ος(τις)
1621 3201 1653 3250 5
1688 3197 1861 3250 παιδὶ
1899 3217 1969 3250 ecc
2005 3199 2248 3253 παιδίον

298 3264 526 3328 sactum,
569 3257 672 3313 δὲν
709 3279 781 3314 eoe
817 3253 1020 3326 οὐδὲν,
1057 3280 1133 3314 να
1173 3263 1246 3327 (7)
1272 3281 1344 3316 ea:
1382 3262 1481 3316 ινα
1575 3258 1853 3318 ἕλυπατοε
1889 3271 2050 3319 uerba
2084 3271 2137 3317 in
2174 3285 2250 3317 εω

304 3348 339 3381 a
381 3331 594 3381 Graecis
627 3332 996 3381 recentioribus
1027 3333 1302 3395 flectuntur
1336 3335 1409 3383 ad
1442 3339 1723 3414 exemplam
1769 3351 1861 3385 uer
1863 3337 2035 3386 borum
2071 3337 2124 3385 in
2159 3354 2245 3387 αω

305 3399 338 3446 6
377 3414 528 3478 ομως
563 3401 599 3454 i.
635 3415 681 3448 e.
719 3393 784 3450 δὲ
905 3399 936 3447 7
973 3390 1234 3464 ἦμέραὶ.
1274 3417 1319 3452 e.
1360 3395 1584 3482 ἡμέραν
1690 3398 1860 3454 τοῦτ’.
1898 3418 1944 3451 ε.
1984 3392 2145 3479 αὐτῷ

305 3467 339 3515 8
379 3459 618 3543 δέησαις
655 3469 801 3527 cod.;
841 3482 950 3517 acc.
991 3473 1069 3516 est
1176 3469 1239 3517 10
1274 3470 1440 3545 μετ’.
1456 3485 1499 3521 e.
1541 3461 1686 3534 μετὰ
1725 3484 1848 3518 cum
1969 3456 2245 3552 αῧξένεν·

307 3536 341 3581 Ι.
369 3523 438 3596 υξ
465 3550 633 3598 prope
669 3541 982 3585 euanuerunt
1054 3536 1110 3584 11
1151 3536 1184 3584 i.
1211 3551 1256 3585 e.
1294 3523 1440 3614 καθ’
1480 3526 1704 3602 ἡμέραν
1770 3540 2064 3603 plerumque
2091 3531 2249 3590 ὦσαν

0 3677 314 4048 L
