2563 4087
1014 288 1025 299 ·
1074 272 1319 338 Aesopus
1357 273 1378 323 Ι
1386 273 1414 321 Ι
1851 287 1857 292 ·
2077 270 2199 334 307

265 431 470 510 κάσας
512 433 584 499 ἐν
621 445 763 508 τοῖς
802 433 1186 517 έπιμυθίοις
1227 429 1537 516 ἐδήλωσε.
1589 426 1773 497 ’κατὰ
1813 429 1888 499 δὲ
1923 429 2044 497 τὸν
2081 436 2201 516 τῆς

263 537 567 611 παιδείας
637 530 850 617 νόμον
919 531 1147 617 τυχών
1219 531 1491 617 φύσεως
1559 530 1874 619 ἀρίστης,
1944 530 2200 618 ἠξιώθη

262 632 726 721 βιβλιοθήκης·
779 631 944 700 ὅθεν
981 649 1123 711 τοῖς
1162 635 1703 720 πολιτευομένοις
1752 634 1865 701 καὶ
1902 649 2045 713 τοῖς
2083 635 2198 701 λέ-

263 762 402 821 γειν
431 736 992 823 προαιρουμένοις
1022 741 1119 812 είς
1155 734 1275 813 τὰς
1314 737 1467 821 περὶ
1503 735 1665 814 τούς
1698 733 1970 820 ἀγῶνας
2000 743 2196 820 φιλο-

262 845 482 922 τιμίας
520 835 809 923 εὐπορία
846 836 1072 921 λόγων
1110 833 1398 915 αὔξεται.
1473 837 1651 904 ἐἰσὶν
1689 843 1760 904 οἳ
1794 832 1920 923 μὲν
1958 826 2085 904 οὖν
2126 838 2196 903 ἐκ
2224 860 2250 900 5

262 940 396 1005 τῶν
443 939 841 1027 τραγῳδιῶν
900 936 981 1003 τὰ
1033 936 1366 1023 κεφάλαια
1419 937 1924 1023 συναγαγόντες
1974 944 2071 1016 εἰς
2120 936 2195 1004 τὸ

261 1042 467 1125 μέσον
515 1037 751 1116 αὐτοῖς
801 1046 1206 1123 τεθείκασιν,
1255 1037 1622 1126 ἡγούμενοι
1670 1044 1815 1106 δεῖν
1863 1053 2010 1117 ταῖς
2060 1041 2197 1105 τῶν

266 1145 465 1209 ἰδίων
531 1138 916 1224 ἐπιστήμαις
976 1139 1096 1217 τὰς
1136 1142 1299 1226 ,τῶν
1363 1143 1658 1226 ποιητῶν
1726 1147 2197 1225 γνωμολογίας

262 1241 607 1327 μάρτυρας
645 1241 952 1325 παρέξειν
989 1242 1103 1307 καὶ
1150 1241 1313 1320 τούς
1348 1240 1645 1329 τρόπους
1682 1239 1913 1308 αὐτῶν
1948 1242 2200 1308 θέσθαι

265 1343 698 1427 πιστοτέρους
727 1340 835 1409 διὰ
862 1344 1085 1410 τοῦτο.
1137 1340 1329 1409 ἄλλοι
1362 1341 1537 1420 τινὲς
1573 1343 1711 1409 τών
1749 1348 1844 1420 εἰς
1881 1341 2002 1408 τὸν
2038 1348 2194 1428 βίον
2222 1369 2272 1407 10

261 1446 480 1521 καλῶς
529 1445 899 1529 εἰρημένων
950 1442 1441 1529 συνενηνόχασι
1489 1443 1663 1511 πολὺ
1718 1446 1977 1529 πλῆθος
2022 1441 2196 1510 ἀπο-

261 1544 701 1632 φθεγμάτων,
746 1551 1127 1632 νομίζοντες
1156 1542 1329 1632 ἡμᾶς
1358 1544 1520 1623 τούς
1548 1544 1810 1612 τούτων
1842 1547 2197 1632 έπιμιμνη-

262 1647 632 1733 σκομένους
704 1645 961 1732 μεγάλα
1033 1646 1543 1733 πλεονεκτήσειν
1610 1650 1683 1714 έν
1745 1661 1888 1725 τοῖς
1952 1645 2194 1731 λόγοις.

264 1746 786 1835 ἐπικεχειρήκασι
831 1749 912 1815 δέ
942 1774 1116 1826 τινες
1152 1747 1270 1827 τὰς
1312 1750 1383 1816 ἐκ
1429 1753 1566 1815 τῶν
1604 1748 1831 1834 λόγων
1871 1747 2194 1817 ἐναντιώ-

262 1868 394 1929 σεις
448 1849 560 1914 καὶ
615 1848 889 1935 γνώμας
957 1848 1206 1936 ὁμοίως
1261 1857 1681 1937 παραβολαῖς
1737 1849 2195 1927 συνάπτοντες
2224 1872 2273 1911 15

258 1948 407 2017 καθ’
450 1951 733 2017 ἕκαστον
771 1948 950 2029 εἶδος
988 1954 1414 2038 παραδοῦναι
1447 1966 1591 2030 τοῖς
1629 1951 2196 2036 πολιτευομένοις,
2344 1947 2352 1951 ⁷

259 2050 442 2130 ὅπως
502 2051 565 2129 ἐξ
625 2054 887 2120 ἐκείνου
945 2051 1198 2132 πολλὰς
1254 2059 1491 2138 ἔχωσιν
1549 2054 1659 2121 ἐπὶ
1714 2058 1851 2120 τῶν
1907 2051 2195 2137 ἀγώνων

258 2160 487 2239 χρείας
549 2154 662 2219 καὶ
713 2153 1092 2239 κατισχύειν
1154 2154 1262 2222 διὰ
1326 2154 1589 2221 τούτων
1640 2154 1982 2221 δύνωνται
2034 2153 2196 2232 τούς

260 2253 763 2339 ἀντιλέγοντας.
864 2258 1110 2324 τοῦτον
1175 2246 1303 2323 οὖν
1364 2255 1487 2322 τὸν
1556 2255 1810 2344 τρόπον
1874 2264 2195 2332 Αἰσωπος

258 2355 483 2443 εὗρεν,
521 2352 702 2440 ὁρων
740 2355 1064 2443 χρήσιμον
1103 2348 1320 2424 ουσαν
1357 2357 1629 2435 δούλοις
1667 2359 1779 2447 καὶ
1813 2359 2195 2442 ἐλευθέροις
2223 2377 2273 2418 20

260 2459 334 2523 έν
381 2472 528 2534 ταῖς
578 2461 1016 2544 δημηγορίαις
1065 2458 1187 2545 τὴν
1238 2460 1376 2525 τῶν
1426 2458 1673 2545 μύθων
1727 2457 2019 2544 δήλωσιν
2055 2473 2196 2535 τοις

397 2689 418 2735 1
460 2686 585 2750 μυθ·
622 2687 725 2735 V..
696 2689 725 2719 0
762 2690 813 2736 in
848 2703 954 2739 ras.
1063 2680 1347 2753 ἐδήλωσεν
1383 2688 1431 2737 Α
1553 2681 1619 2737 δὲ
1658 2703 1750 2736 om
1790 2688 1835 2736 L
1953 2684 2056 2750 τῆς
2101 2702 2196 2737 οηι.

253 2752 304 2801 A
336 2752 383 2800 V
416 2769 451 2801 v
557 2756 602 2801 2.
632 2756 661 2803 3
698 2755 822 2804 leaeo
860 2757 1075 2805 obscum
1099 2758 1235 2806 sunt.
1276 2773 1387 2805 num
1412 2758 1443 2805 ι’.
1474 2771 1516 2804 e.
1542 2772 1589 2803 a.
1630 2745 1903 2831 ἄνταξιός
1939 2746 2094 2804 ἐστιῗ
2283 2808 2288 2814 ,

252 2816 458 2870 ὄείσὶν
485 2816 540 2870 οι
565 2823 780 2884 scripsi:
807 2810 929 2873 ὅσοι
950 2825 994 2872 L
1022 2823 1069 2871 A
1093 2823 1141 2872 V
1166 2839 1201 2871 v
1308 2826 1336 2872 7
1375 2820 1528 2887 δειν]
1559 2814 1752 2871 δεινὸν
1778 2822 1823 2870 L
1932 2824 1963 2873 8
1990 2812 2195 2907 ἐπιστή

249 2904 388 2951 μαις
422 2883 523 2960 τὰς
543 2887 945 2939 Westermann.
983 2882 1323 2955 ἐπιστήμαις
1357 2886 1442 2947 εἰς
1479 2904 1543 2939 το
1577 2891 1641 2950 L,
1680 2878 1945 2940 απιστεῖν
1982 2885 2067 2947 εἰς
2094 2885 2198 2947 τὰς

248 2955 299 3002 A
326 2956 391 3016 V,
420 2960 721 3007 ασπιστειν
748 2953 829 3015 εἰς
854 2974 957 3015 τας
980 2973 1016 3006 v
1110 2961 1140 3007 9
1178 2957 1497 3022 μαρτυρίας
1521 2956 1568 3004 Α
1593 2926 1641 3005 V
1666 2972 1700 3004 v
1793 2952 2106 3022 παρέχεινῖ

254 3025 320 3071 10
347 2993 447 3072 διὰ
473 3038 643 3073 τουτο
677 3041 782 3073 eum
809 3027 882 3074 eis
883 3042 1036 3102 quae
1062 3029 1391 3107 insequuntur·
1414 3027 1619 3089 iungunt
1642 3023 1689 3071 A
1715 3024 1787 3077 V:
1825 3027 1922 3075 sed
1943 3033 2043 3074 tum
2066 3027 2197 3074 seri-

245 3099 389 3152 ptum
414 3092 640 3154 oportuit
664 3085 728 3141 τὸ
756 3083 899 3142 αὐτὸ
1005 3101 1124 3155 pose
1160 3088 1311 3150 τινὲς
1346 3101 1564 3169 propter·
1598 3095 1775 3156 siylam
1807 3094 1964 3154 facile
1987 3100 2199 3172 poterat

250 3159 498 3207 ecc-cidere
537 3151 602 3207 δὲ
744 3161 803 3208 11
844 3157 1034 3210 καλῶν
1069 3160 1116 3208 L
1258 3152 1713 3236 συνενηνόχασιν
1751 3160 1797 3207 V
1921 3162 1983 3208 12
2020 3152 2196 3234 ἡμᾶς]

248 3217 520 3283 πάντωςῖ
682 3217 1213 3291 έπιμνησκομένους
1250 3228 1300 3276 V
1465 3230 1526 3276 13
1562 3219 1817 3291 μεγάλας
1852 3218 2196 3305 ’πλεονεκτή-

244 3306 372 3348 σεις
409 3291 455 3339 L
596 3283 658 3343 ἐν
706 3296 809 3344 noli
850 3297 1026 3344 delere
1169 3296 1229 3344 15
1266 3292 1651 3360 παραβολαῖς]
1689 3288 1981 3359 προβολας
2017 3293 2065 3342 Α
2088 3293 2138 3342 V
2162 3311 2198 3343 v
2279 3302 2294 3313 ·

390 3360 452 3409 17
492 3350 730 3409 ἐκείνων
766 3361 813 3410 A
971 3356 1194 3439 ἔχωσιν]
1233 3377 1326 3411 om.
1364 3362 1426 3423 A,
1478 3399 1489 3410 .
1547 3376 1665 3413 ,σιν
1700 3361 1750 3410 V
1902 3363 1963 3412 18
2002 3359 2198 3425 χρείας

239 3428 469 3491 scripsi:
518 3443 682 3504 αγειν
726 3428 772 3477 L
799 3429 978 3479 AVv
1119 3427 1402 3480 δυνανται
1447 3429 1487 3478 C
1629 3431 1694 3478 20
1743 3443 1907 3519 ενρεν
1946 3426 2198 3486 αἶ’σωπος

241 3495 296 3544 Α
322 3494 370 3544 V
396 3510 431 3543 v
575 3486 709 3560 όρον
749 3495 790 3545 C
930 3496 1214 3563 χρησίμην
1248 3496 1298 3545 A
1321 3496 1371 3587 V
1395 3513 1427 3545 v

1883 3577 1990 3630 20*
