2563 4087
353 242 437 308 36
1028 246 1129 297 111.
1166 262 1220 295 u.
1257 248 1306 300 ε.
1354 247 1446 299 lv,
1484 262 1527 301 s.
1570 249 1616 302 ι.

355 382 455 454 ὅτι
489 384 632 478 δῴη
668 412 781 474 μοι
817 388 1252 474 ἐκδικηθῆναι
1288 385 1424 456 ἀπὸ
1451 387 1717 457 τούτων
1744 393 1884 457 τῶν
1921 388 2297 483 ἀναισχύν-

353 514 492 556 των
527 490 643 557 καὶ
682 488 918 574 σοφῶν
953 510 1081 557 σου
1111 491 1195 577 τῇ
1224 496 1431 580 κακίᾳ
1459 490 1892 578 συμβούλων.
1949 498 2015 561 εἰ
2040 484 2107 559 δ’
2139 483 2297 580 οὖν,

358 587 451 670 ῶς
486 588 842 678 προεῖπον·
869 609 998 676 σοι,
1047 588 1347 678 ἐμαυτὴν
1392 596 1912 682 διαχειρίσομαι,
1960 595 2076 661 καὶ
2114 598 2300 662 ἔσται

357 684 399 778 ἦ
436 694 561 760 τοῦ
597 687 1067 780 ἀμαρτήματός
1093 718 1225 779 μου
1255 698 1442 761 αἰτία
1482 693 1591 762 ἐπὶ
1620 694 1719 781 σέ,
1757 691 1856 763 ὅτι
1891 720 1975 781 με
2010 693 2143 762 ἀπὸ
2174 697 2296 764 τοῦ

304 817 332 857 5
360 795 520 861 υἱοῦ
559 813 686 863 σου
724 789 851 862 οὐκ
889 793 1245 883 ἐκδίκησας
1281 792 1374 873 ῶς
1402 799 1535 864 ἔδει
1570 792 1736 863 κατά
1764 794 1844 864 τὰ
1880 800 2147 865 δίκαιον
2181 796 2298 867 καὶ

361 892 650 981 ἀληθές,
689 891 870 974 ὅστις
905 891 1054 963 κατ’
1089 897 1255 983 ἐμοῦ
1296 895 1635 986 ἐχαίρησεν
1670 903 1768 976 εἰς
1795 899 2125 966 τοσοῦτον
2151 924 2298 986 μω·-

362 1002 518 1083 ρίας
553 996 668 1064 καὶ
705 993 1187 1082 ἀναισχυντίας
1221 998 1339 1065 καὶ
1375 996 1872 1086 παρανομίας.“

526 1098 691 1167 Τότε
725 1096 763 1166 ὁ
797 1097 1117 1186 βασιλεύς
1151 1113 1297 1178 τοῖς
1330 1101 1448 1186 τῆς
1491 1099 1815 1185 γυναικὸς
1852 1098 2077 1185 λόγοις
2110 1097 2298 1169 ὐπα-

360 1206 554 1284 χθείς
571 1251 592 1287 ,
627 1199 886 1269 κελεύει
930 1198 1055 1268 τὸν
1102 1200 1266 1270 υἱὸν
1313 1197 1531 1270 αὐτοῦ
1583 1198 2042 1290 ἀναιρεθῆναι.
2131 1202 2299 1288 μετὰ

282 1321 338 1364 10
359 1299 435 1369 δὲ
469 1300 596 1390 τὴν
631 1297 982 1389 ἀπόφασιν
1017 1301 1245 1390 πάλιν,
1294 1300 1462 1370 κατά
1509 1302 1638 1389 τὴν
1682 1302 2003 1392 τετάρτην
2036 1300 2301 1392 ἡμέραν

358 1400 395 1469 ὁ
443 1408 585 1471 τῶν
632 1401 1029 1491 φιλοσόφων
1077 1397 1295 1474 αύτοῦ
1347 1404 1463 1472 καὶ
1513 1403 1926 1493 συμβούλων
1976 1404 2298 1494 τέταρτος

362 1509 640 1590 ἔρχεται.
708 1506 824 1572 καὶ
874 1501 1197 1591 συνήθως
1233 1503 1450 1574 αὐτὸν
1501 1505 1979 1596 προσκυνήσας
1996 1558 2016 1594 ,
2070 1507 2300 1593 ,,ζῆθι,

358 1603 714 1693 βασιλεῦ,“
765 1603 955 1674 εἶπεν
993 1613 1142 1695 „sle
1175 1605 1300 1674 τὸν
1335 1609 1574 1676 αἰῶνα.
1645 1615 1951 1698 γνωρίζω
1992 1612 2088 1700 τῷ
2125 1606 2302 1696 κρά-

355 1732 458 1774 τει
493 1725 646 1793 σου,
684 1704 776 1787 ῶς
812 1705 896 1776 οὐ
932 1707 1059 1796 χρή
1093 1732 1243 1777 τινα
1280 1711 1422 1778 τῶν
1461 1708 1630 1778 κατὰ
1658 1707 1735 1778 σὲ
1759 1708 2093 1796 βασιλέων
2126 1710 2304 1778 κατὰ

283 1831 334 1871 15
361 1808 811 1896 συναρπαγήν
857 1834 919 1877 τι
969 1808 1046 1877 τὸ
1098 1808 1397 1878 σύνολον
1445 1810 1980 1897 διαπράξασθαι,
2029 1812 2156 1890 ἕως
2203 1800 2301 1880 οὗ

362 1912 681 2000 καθαρῶς
733 1909 1106 2001 ἐρευνήσῃς
1154 1911 1269 1980 καὶ
1318 1910 1443 1999 τὴν
1489 1910 1816 2000 ἀλήθειαν
1851 1911 2135 2001 στήσῃς,
2181 1914 2320 1981 καὶ.

363 2009 529 2102 ὅπερ
565 2010 868 2101 ἀκούσῃς
902 2011 1194 2102 ἀκριβῶς
1231 2012 1583 2104 ἐξετάσῃς,
1617 2009 1801 2094 ὅπως
1835 2009 1926 2103 μὴ
1953 2013 2308 2103 συμβήσε-

153 2138 334 2189 9-4813·
363 2141 470 2183 ται
506 2114 598 2196 ῶς
639 2121 713 2184 ἔν
748 2141 877 2183 τινι
909 2117 1048 2184 τῶν
1081 2116 1416 2203 βασιλέων
1466 2116 1726 2202 λέγεται
1774 2115 2305 2205 προγενέσθαι.“

359 2215 395 2285 ὁ
434 2216 511 2286 δὲ
544 2216 863 2304 βασιλεὺς
903 2222 1065 2304 ἔφη·
1106 2218 1270 2305 ,,καὶ
1307 2219 1451 2298 πῶς
1486 2244 1586 2304 γε,
1623 2215 2003 2305 σαφήνισόν
2036 2242 2136 2304 με.
2142 2216 2187 2251 “
2228 2214 2307 2305 (ὃ

281 2345 333 2384 20
361 2316 436 2387 δὲ
474 2320 605 2405 έφη
623 2309 744 2407 )
704 2346 792 2405 ην
824 2316 958 2406 γάρ
993 2342 1091 2397 τις
1139 2318 1295 2399 υίὸς
1340 2320 1697 2408 βασιλέως·
1745 2320 1861 2388 καὶ
1910 2319 2173 2404 ἐγένετο
2222 2321 2308 2388 ἐν

358 2424 477 2510 μιᾷ
538 2418 756 2510 ἡμέρα
817 2422 1065 2488 τοῦτον
1124 2415 1454 2490 ἀπελθεῖν
1513 2425 1613 2501 εἰς
1670 2417 1748 2490 τὸ
1811 2418 2103 2509 λουτρὸν
2169 2423 2303 2489 τοῦ

359 2520 738 2591 ἀπολοῦσαι
769 2519 846 2589 τὸ
888 2521 1136 2592 εαυτοῦ
1167 2526 1378 2610 σῶμα.
1433 2512 1521 2609 ἦν
1555 2520 1634 2592 δὲ
1669 2518 1876 2603 αυτὸς
1904 2522 2127 2608 παχυς
2154 2518 2302 2609 ἅμα

497 2756 524 2804 1
544 2745 684 2832 δφη
721 2755 792 2818 cf.
830 2756 915 2813 33,
955 2745 1244 2804 Ladon?
1280 2745 1471 2821 δόσῃῖ
1506 2747 1676 2805 θέλει
1711 2748 1884 2806 δόσει
1919 2754 1972 2805 D
2074 2755 2108 2804 2
2145 2747 2201 2804 εἰ
2235 2744 2304 2803 δ’

360 2837 485 2883 ουν,
524 2811 599 2879 ὡς
632 2836 727 2888 πρ.
767 2835 858 2872 σοι
894 2787 938 2873 5.
976 2818 1060 2884 6.,
1097 2817 1199 2872 καὶ
1233 2814 1278 2875 ἔ.
1287 2822 1314 2871 ‘2’
1358 2822 1429 2885 cf.
1464 2838 1518 2886 p.
1556 2823 1622 2873 58
1657 2822 1720 2872 Β.
1891 2823 1925 2873 5
1961 2811 2305 2888 ἔκδίκησας]

358 2890 429 2953 cs.
456 2889 538 2950 34
578 2889 642 2939 15
779 2889 811 2938 6
849 2902 913 2949 ος
918 2904 971 2940 τι
1006 2888 1057 2940 V
1180 2890 1215 2940 8
1250 2889 1380 2948 τοῖς
1411 2904 1505 2939 om.
1543 2887 1592 2939 A
1718 2891 1782 2940 12
1821 2884 2041 2956 ἔρχεται
2081 2905 2175 2940 om.
2200 2888 2310 2968 VA

497 2953 679 3020 ζῆθι.
665 2990 706 3006 ..
742 2950 932 3008 αἰῶνα
968 2972 1060 3008 om.
1099 2953 1148 3005 A
1278 2957 1500 3007 lemma.
1534 2971 1567 3008 ο
1606 2955 1721 3021 (om.
1755 2954 1826 3021 V)
1863 2951 2132 3024 τέταρτος
2167 2947 2311 3021 σύμ-

360 3022 568 3102 βουλος
601 3023 748 3075 ABV
897 3027 960 3076 16
997 3024 1199 3075 tertiam
1242 3025 1484 3106 requiras
1522 3040 1823 3107 personam
1859 3042 1909 3075 u.
1942 3025 1994 3076 D
2142 3026 2207 3075 de
2251 3041 2309 3081 ιι

358 3082 567 3158 στήσῃς
602 3091 940 3144 dubitaverim
1069 3093 1132 3142 1⁷
1169 3081 1425 3158 ἀκουσης
1459 3092 1537 3145 V.
1576 3084 1847 3152 ἀκούσεις
1869 3092 1981 3144 AB.
2024 3094 2308 3144 coniuncti-

358 3176 452 3211 ιαιε
485 3160 631 3224 apud
668 3161 955 3239 scriptor-eo
998 3161 1318 3211 recentiores
1359 3161 1591 3226 sequitur
1627 3162 1933 3225 pronomina
1967 3165 2019 3211 et
2054 3159 2310 3212 adverbia

359 3228 580 3278 relatiua
616 3229 765 3280 etiam
798 3244 851 3293 p.
890 3243 967 3278 αν
1001 3243 1102 3279 non
1137 3227 1319 3279 addita
1466 3242 1557 3279 σοι
1591 3228 1908 3280 adiciendum
1940 3229 2145 3280 uidetur
2180 3234 2308 3279 ante

360 3285 712 3361 συμβήσεται
847 3289 927 3362 μή
963 3311 1057 3347 om.
1084 3295 1134 3345 V
1281 3297 1347 3348 18
1382 3293 1489 3347 καί
1518 3297 1667 3347 um?
1703 3286 1827 3349 5⁹2?
1927 3288 2308 3376 ·βαλανέωνῖ

360 3363 633 3425 u.38,19
770 3357 1209 3429 παραγενέσθαι
1242 3363 1306 3414 Β.
1345 3380 1413 3416 an
1446 3358 1909 3430 προσγενέσθαιῗ
2050 3365 2113 3415 19
2147 3380 2231 3414 nu.
2268 3354 2303 3415 ὁ

361 3423 428 3481 δὲ
466 3398 580 3497 ἔφη
616 3435 669 3481 in
704 3431 849 3482 libris
877 3432 1248 3513 praeter-misfa
1284 3434 1547 3509 euppleui:
1581 3449 1630 3485 ιι.
1654 3430 1705 3482 D
1781 3434 2040 3512 lemqta
2067 3426 2170 3483 τοῦ
2209 3447 2306 3483 τε·

359 3487 572 3575 τάρτου
608 3495 938 3580 φιλοσόφου
971 3498 1035 3549 V.
1096 3493 1364 3566 διήγησις
1398 3490 1672 3580 τετάρτου
1706 3513 1812 3550 του
1835 3492 2112 3565 τετάρτου
2137 3499 2307 3565 φιλο·

362 3556 549 3630 σόφου
585 3567 632 3616 A
768 3568 838 3617 20
870 3552 967 3633 ἦν]
1009 3551 1088 3617 ῶν
1126 3567 1172 3616 Β
1309 3569 1377 3617 22
1415 3558 1609 3634 αὐτὸς]
1651 3553 1859 3628 ουτος-’ἓ
1894 3582 1987 3621 om.
2021 3567 2071 3622 D
