2563 4087
422 243 493 305 21
506 242 548 306 2
1241 249 1520 317 Excerpta

423 370 675 432 ἄκουσον
714 376 812 432 καὶ
850 373 1035 445 ἄλλην
1059 365 1347 442 ’διήγησιν
1382 376 1714 442 παρακαλῶ.
1760 377 1768 443 Ι
1823 381 1906 443 70,
1933 380 1965 431 5
1999 369 2071 428 νὰ
2103 369 2222 443 μὴν
2259 395 2352 427 κα·

423 457 582 529 θήσῃ
640 460 723 523 εἰς
777 458 915 516 ἕναν
967 453 1172 513 τόπον·
1227 451 1273 528 ἦ
1330 455 1404 513 vo}
1456 462 1803 530 περιπατίσῃ
1861 459 1944 522 εἰς
1999 456 2371 526 ξεφσῖντωσες,

424 548 722 611 (conuiuia)
778 545 877 598 καὶ
915 543 1002 606 εἰς
1040 549 1246 613 χαραῖς
1301 544 1400 598 καὶ
1439 544 1523 606 εἰς
1577 538 1727 598 ἄλλα
1780 540 1939 597 οὖσαν
1991 540 2121 605 τοὺς
2155 540 2354 604 νέους·

424 623 566 685 ὥστε
602 625 678 683 να
712 624 908 697 ὖποῖγῃ
944 625 1018 681 vo}
1057 622 1226 696 μοὶθῃ
1278 630 1379 682 καὶ
1414 627 1492 682 νά
1545 626 1742 698 γράψῃ
1798 623 1961 691 ὅλαις
2014 635 2137 689 ταῖς
2175 647 2356 696 πονη-

424 717 575 783 ρίαις
610 715 722 767 τῶν
759 713 1075 781 γυναικῶν·
1127 716 1137 779 Ι
1184 718 1266 778 70,
1306 718 1506 767 12-14
1549 713 1651 787 καὶ
1688 708 1867 782 έρωτοὶ
1905 732 2006 767 τον
2040 708 2233 767 πόθεν
2273 711 2357 780 ἔρ·

425 817 587 867 χεται
622 797 726 851 καὶ
761 797 874 851 ποῦ
910 791 1123 865 ὑπάγῃ·
1161 797 1261 850 καὶ
1299 789 1513 864 ἤκουσε
1548 800 1670 859 πῶς
1704 796 1873 852 θέλει
1910 792 1985 851 νοὶ
2021 790 2187 865 μάθῃ
2230 803 2355 858 ταῖς

421 882 728 950 πονηρίαις
763 880 862 935 καὶ
887 880 959 934 τὰ
981 878 1352 950 ,τεχνέσματα
1388 882 1501 935 τῶν
1538 882 1845 950 γυναικῶν,
1874 881 1976 935 καὶ
2002 881 2165 950 λέγει,
2188 892 2319 935 του·
2347 893 2353 938 i

423 974 506 1031 70,
548 970 611 1018 16
647 957 738 1020 ὅτι
777 963 832 1019 οἱ
867 966 1179 1034 πονηριάις
1215 967 1329 1019 τῶν
1365 965 1658 1035 γυναικῶν
1693 966 1794 1022 καὶ
1832 962 1905 1020 τοὶ
1933 961 2361 1034 κατορθώματοί

424 1070 577 1117 τους,
619 1048 772 1105 εἶναι
809 1044 1127 1119 οἷμέτρητα·
1167 1048 1224 1104 εἰ
1259 1046 1326 1103 δὲ
1364 1050 1465 1103 καὶ
1500 1049 1685 1120 θέλῃς
1720 1046 1795 1106 να
1832 1046 2033 1120 μοῖθης
2068 1046 2269 1119 ὀλίγον
2304 1050 2361 1102 τί

423 1155 599 1204 ποτα,
656 1126 784 1204 εὗρε
815 1139 824 1202 Ι
858 1141 941 1202 70,
984 1141 1045 1189 18
1100 1134 1305 1202 ἓβαλαι
1358 1129 1570 1203 στοῖκτῃ
1616 1135 1716 1188 καὶ
1752 1130 1982 1205 κοὶθῃσε
2020 1130 2229 1189 ἀπάνω
2264 1152 2360 1202 της

424 1214 640 1289 ἡμέρας
676 1220 776 1274 καὶ
812 1216 1052 1285 νύκτας,
1089 1221 1144 1288 μ’
1176 1222 1184 1283 Ι
1217 1225 1299 1286 71,
1342 1226 1369 1272 1
1411 1240 1460 1272 κ.
1489 1239 1537 1272 τ.
1563 1215 1747 1288 θέλῃς
1784 1220 2026 1287 δυνῃθῆ
2064 1214 2137 1273 νοὶ
2175 1214 2351 1286 εὕρῃς

428 1306 528 1360 καὶ
564 1302 639 1359 νά
674 1298 873 1374 μάθῃς
898 1302 1066 1372 μέρος
1087 1304 1167 1358 τὶ·
1204 1303 1307 1357 καὶ
1324 1296 1416 1357 ἐκ.
1440 1298 1472 1370 ὁ
1493 1323 1542 1357 ν.
1562 1300 1694 1366 τούς
1714 1298 1919 1373 λόγους
1942 1299 2202 1371 ἐκείνου,
2233 1305 2241 1369 Ι
2278 1308 2358 1364 71,

429 1395 461 1443 5
498 1385 621 1458 ἐφ’]
661 1387 812 1458 μέσα
849 1387 933 1450 εἰς
981 1390 990 1455 Ι
1038 1394 1124 1452 71,
1165 1393 1195 1440 7
1232 1389 1332 1442 καὶ
1381 1382 1537 1441 οὖσαν
1573 1384 1914 1442 ἔτελείωσαν
1948 1383 2220 1456 ἡμέραις,
2263 1405 2359 1440 κα-

426 1468 880 1542 θῶςένῶμῃσεν
917 1467 1223 1537 (ἐνόμισεν)
1261 1466 1508 1540 ἔκείνος,
1544 1473 1666 1534 πῶς
1696 1475 1704 1538 Ι
1737 1477 1819 1538 71,
1848 1477 1908 1524 11
1939 1469 2056 1541 {pn}
2093 1466 2361 1525 έκόνευσε

428 1559 723 1625 (substitit)
754 1559 763 1621 ι
795 1561 876 1615 71,
918 1561 980 1609 12
1018 1553 1254 1624 ἔκαμνεε
1294 1561 1443 1623 quan·
1475 1550 1863 1624 laverit-{nola
1893 1558 1901 1623 ι
1932 1561 2122 1621 71‚12.
2152 1561 2216 1609 16
2256 1554 2356 1622 m]

429 1642 632 1707 φιλίαν
681 1642 691 1704 Ι
739 1646 820 1704 71,
862 1645 922 1693 17
959 1660 1016 1694 π.
1058 1638 1288 1709 ἕρχεσαι
1324 1640 1425 1693 καὶ
1462 1640 1548 1702 τίς
1588 1637 1762 1704 εἶσαι,
1799 1640 1900 1694 καὶ
1934 1642 2055 1703 πῶς
2089 1635 2361 1708 ὀνομάζε-

429 1737 551 1779 σαι·
587 1726 594 1791 Ι
626 1730 709 1789 71,
745 1730 812 1777 20
847 1720 945 1790 ,νά
981 1721 1094 1792 έγν.
1131 1724 1231 1778 καὶ
1268 1720 1343 1777 νοὶ
1380 1745 1436 1791 μ.
1472 1730 1603 1786 ταῖς
1626 1726 1932 1793 πονῃρίαις
1968 1725 2069 1779 καὶ
2105 1731 2241 1786 ταῖς
2276 1721 2361 1777 τέ-

429 1829 593 1879 χναις
630 1808 743 1864 τῶν
780 1818 858 1878 γ.“
910 1808 1007 1875 (om
1043 1813 1109 1862 20
1145 1811 1262 1877 φρ.)
1296 1809 1306 1876 Ι
1337 1814 1421 1875 71,
1459 1812 1527 1861 24
1562 1805 1666 1862 &zv
1712 1799 1922 1874 ἤκουσε
1955 1809 2256 1871 παντελῶς
2291 1801 2361 1859 νὰ

429 1889 617 1964 φάγῃ·
649 1894 659 1962 Ι
690 1899 772 1960 72,
793 1898 826 1946 4
862 1886 1203 1961 οἰκονόμῃσε
1239 1881 1527 1960 τράπεζαν
1564 1888 1635 1945 vo}
1674 1887 1833 1962 φάγῃ
1872 1893 1971 1946 καὶ
2008 1911 2083 1946 να
2116 1894 2228 1959 πῆ·
2266 1892 2360 1945 καὶ

429 1973 579 2049 αὐτῆ
615 1981 731 2048 (om.
769 1984 802 2034 4
847 1969 1003 2050 αὐτῷ
1030 1975 1194 2038 ἰδίως
1231 1987 1283 2030 et
1317 1981 1348 2029 6
1385 1995 1439 2043 μ.
1478 1996 1530 2029 κ.
1582 1977 1670 2042 φ.)
1718 1977 1727 2042 Ι
1778 1982 1862 2043 72,
1903 1982 2102 2031 17-22
2140 1970 2361 2037 ,λοιπὸν

429 2065 529 2118 καὶ
585 2059 692 2132 ἐγώ
746 2068 1002 2132 γυναῖκα
1057 2058 1218 2130 εἷμαι
1269 2061 1371 2114 καὶ
1424 2061 1579 2114 θέλω
1626 2057 1702 2115 νοὶ
1737 2064 2037 2130 τεχνευθῶ
2077 2062 2160 2125 εἰς
2198 2058 2360 2118 έσένα

430 2151 637 2202 τίποτα
672 2141 952 2215 πονηρόν·
988 2140 1023 2214 ἢ
1063 2165 1134 2212 με
1170 2141 1341 2216 λόγον
1376 2136 1415 2212 ἦ
1451 2164 1522 2214 με
1549 2143 1744 2214 ἔργον,
1785 2141 1859 2199 ναὶ
1884 2145 1994 2200 ἰὸὥ
2020 2138 2094 2199 ἂν
2120 2143 2185 2201 τὸ
2214 2145 2358 2215 ἔχεις

429 2229 744 2300 γραμένον·
783 2223 934 2297 ὅμως
971 2230 1125 2284 θέλω
1161 2231 1358 2297 πρῶτα
1412 2228 1488 2283 νοὶ
1527 2231 1646 2291 ,σοῦ
1699 2229 1840 2284 εἰπῶ
1894 2226 2032 2299 μιᾶς
2087 2230 2358 2300 γυναικὸς

434 2314 596 2383 ἔργον
634 2313 734 2366 καὶ
772 2305 1021 2367 ἄκουσον
1052 2315 1060 2380 Ι
1094 2320 1175 2379 73,
1206 2321 1229 2366 1
1259 2314 1358 2368 καὶ
1385 2308 1563 2376 αὐτὸς
1582 2314 1758 2382 λέγει·
1797 2307 1962 2377 ὅλαις
1988 2321 2122 2377 ταῖς
2158 2311 2361 2384 ὑβρίζοι

430 2392 520 2453 ὅτι
561 2394 714 2452 εἶναι
751 2403 961 2459 κακαῖς
1010 2399 1018 2465 Ι
1067 2404 1153 2466 73,
1189 2405 1220 2450 2
1275 2390 1366 2451 ὅτι
1405 2395 1508 2452 ὁὲν
1558 2395 1721 2466 έτυχε
1766 2395 1906 2452 ποτε
1943 2419 2017 2453 να
2056 2401 2260 2469 σμίξης
2295 2414 2358 2466 με

430 2485 615 2551 καμία
654 2476 760 2536 ἀπ’
816 2477 1085 2544 ἐκείναις.
1139 2482 1239 2537 καὶ
1277 2475 1453 2543 αὐτὸς
1490 2480 1674 2550 λέγει,
1709 2476 1802 2537 ιὂῖν
1854 2472 2039 2551 ἤθελε
2074 2478 2219 2553 τύχῃ
2258 2475 2359 2552 ἐγὼ

433 2564 505 2621 vo}
566 2565 673 2636 ἔχω
727 2565 955 2623 τέτοιαν
992 2572 1268 2636 γυναῖκα,
1328 2561 1543 2622 έκοπτοε
1578 2563 1686 2635 τὴν
1738 2562 1927 2635 μήτῃν
1980 2587 2081 2635 τῃς
2118 2567 2359 2633 (nasum).

432 2643 585 2720 ὅμως
623 2647 760 2721 σιμοὶ
798 2647 995 2720 (συμά)
1053 2649 1135 2713 εἰς
1188 2646 1254 2704 τὸ
1291 2647 1464 2719 σπη’τι
1508 2670 1611 2706 του
1665 2646 1966 2719 έμάλωναν
2003 2650 2360 2717 (rixabantur)

431 2735 694 2791 πάντωτε
731 2733 800 2788 αἰ
834 2740 1111 2802 γυναῖκες
1147 2730 1221 2797 ὥς
1259 2732 1416 2790 εἶναι
1446 2731 1483 2803 ἦ
1526 2729 1818 2803 συνήθειά
1853 2746 2010 2798 τους·
2046 2737 2055 2803 Ι
2102 2741 2185 2804 73,
2222 2742 2255 2790 9
2290 2753 2362 2789 om

432 2814 611 2889 ἀργοὶ,
650 2825 713 2871 10
751 2817 872 2885 ἔξω,
914 2824 992 2872 10.
1033 2824 1091 2871 11
1135 2809 1490 2885 εὖρεν..καὶ
1525 2821 1532 2887 Ι
1582 2825 1664 2884 73,
1704 2825 1766 2874 13
1803 2819 1919 2877 ,καὶ
1955 2813 2107 2887 αὐτῆ
2140 2822 2150 2885 Ι
2181 2825 2264 2886 73,
2302 2822 2363 2871 14

434 2924 484 2960 κ.
525 2947 536 2960 .
559 2944 570 2955 .
594 2901 706 2971 ont]
748 2900 830 2963 εἰς
866 2898 931 2956 τὸ
970 2899 1196 2972 χωροὶφι
1226 2906 1234 2971 Ι
1267 2909 1439 2970 73,15
1463 2904 1562 2958 καὶ
1599 2894 1743 2958 ὅταν
1779 2899 2050 2972 οἷπόφαγε
2088 2904 2187 2958 καὶ
2224 2900 2361 2959 ἐκεί-

435 3006 551 3051 νος,
589 2979 775 3054 &mm
810 2987 909 3040 καὶ
946 2982 1148 3042 έπίασε
1183 2983 1248 3042 τὸ
1286 2982 1506 3057 οἷλέτρι,
1547 2987 1645 3042 καὶ
1672 2982 1987 3056 έρχώμενος
2019 2990 2027 3054 Ι
2059 2993 2141 3052 73,
2182 2993 2243 3042 18
2266 2985 2357 3041 καὶ

435 3065 580 3124 ὅταν
617 3064 948 3138 ἐσχόλασεν,
989 3074 1107 3138 173,
1144 3077 1207 3124 21
1246 3071 1349 3127 δἐν
1376 3070 1504 3141 εἴχα
1528 3074 1784 3134 τίποτες·
1822 3064 1956 3127 οὔτε
1992 3092 2041 3126 κ.
2080 3065 2213 3127 οὔτε
2248 3064 2357 3138 ψά-

448 3174 545 3224 ρια
583 3157 704 3224 (om.
739 3146 776 3221 ’ἢ
819 3148 872 3209 ἅ.
911 3155 1014 3222 τι)·
1053 3154 1152 3209 καὶ
1191 3155 1273 3218 εἰς
1309 3158 1481 3211 τοῦτο
1519 3152 1623 3210 ὃὲν
1649 3153 1834 3221 ἔκαμα
1870 3157 2151 3211 τίποτα·
2185 3158 2195 3225 Ι
2226 3162 2305 3221 74,
2330 3159 2358 3206 2

444 3236 663 3310 ἔκρυψέ
699 3254 795 3292 τα·
850 3239 950 3292 καὶ
985 3236 1050 3292 τὸ
1106 3232 1253 3309 ἀργοὶ
1292 3236 1396 3295 τὸν
1434 3242 1697 3304 δεῖπνον,
1753 3238 1958 3309 ἔβαλαι
1993 3238 2173 3307 μόνον
2208 3237 2360 3310 ψωμὶ

443 3323 529 3387 εἰς
565 3319 675 3393 τὴν
709 3317 996 3391 τράπεζαν
1043 3326 1051 3390 Ι
1100 3329 1182 3389 74,
1219 3330 1270 3379 4.
1310 3330 1341 3378 5
1394 3324 1551 3394 μωρὴ
1587 3366 1597 3377 .
1620 3362 1632 3376 .
1667 3318 1765 3392 ὂψ.
1805 3343 1883 3378 om
1930 3328 1937 3389 Ι
1987 3330 2068 3391 74,
2106 3330 2139 3379 5
2190 3344 2259 3394 με
2294 3340 2361 3379 τα

438 3404 650 3476 ὀνύχιοὶ
683 3426 786 3475 της
818 3407 940 3474 174,
982 3411 1010 3459 7
1051 3403 1187 3475 ἐβόα
1225 3412 1389 3477 φωνῆ
1429 3403 1648 3477 μεγάλῃ
1688 3406 1989 3476 λέγοντας·
2039 3410 2160 3476 (καὶ
2198 3409 2357 3466 ἐῶν..

438 3485 563 3559 ἅρχ.
599 3493 698 3557 om)
733 3485 921 3556 ψάρια
960 3487 1113 3558 λέγει
1149 3510 1223 3544 να
1276 3493 1379 3545 τοῦ
1425 3488 1597 3560 φήσω
1643 3492 1653 3561 Ι
1700 3497 1786 3559 74,
1828 3499 1892 3546 10
1943 3493 2042 3546 καὶ
2078 3482 2274 3560 ἦλθαν
2310 3486 2361 3544 οἱ

439 3575 704 3639 γείτωνες
739 3573 839 3627 καὶ
877 3573 1080 3641 λέγουν
1115 3585 1244 3628 του·
1292 3577 1353 3629 τί
1384 3574 1568 3644 λέγεις
1621 3569 1913 3644 ἄνθρωπε,
1944 3578 1955 3644 1
1986 3582 2069 3641 74,
2110 3581 2171 3629 12
2225 3573 2360 3632 αὖθ.
