2563 4087
374 226 445 290 2]
460 226 500 290 6
1194 232 1475 302 Excerpta

375 361 476 415 καὶ
514 359 664 428 λέγει
701 361 802 413 τοῦ
840 352 1015 429 λόγου
1050 377 1152 413 του
1187 360 1306 422 πῶς
1344 356 1497 414 εἶναι
1526 360 1805 427 σοφιστῆς
1837 380 1874 428 η
1916 357 2104 428 ρήτωρ
2140 380 2176 427 η
2220 362 2331 414 δι-

376 442 692 506 δάσκαλος·
747 463 897 498 κατα
949 437 1244 510 ἀλήθειαν
1289 438 1320 498 ὁ
1367 438 1626 507 τοιούτος
1675 439 1985 512 ἄνθρωπος
2017 438 2335 511 ψεύδεται

376 529 476 583 καὶ
528 531 754 598 γίνεται
809 526 917 594 ἔξω
968 528 1071 596 τῆς
1124 521 1382 596 γνώσεώς
1434 545 1552 583 του.
1609 527 1709 581 καὶ
1753 521 1896 582 οὐδε
1935 522 2115 596 σοφὸς
2153 524 2332 582 εἶναι

377 607 517 667 οὔδε
569 606 784 681 ᾇήτωρ,
838 603 967 665 ἀλλ’
1024 606 1162 666 οὐδὲ
1217 607 1558 680 ἀριθμεῖται
1609 613 1729 674 πῶς
1780 606 1997 681 ἡξεύρη
2052 607 2122 666 τά
2158 606 2339 667 ὁκτῶ

376 698 516 766 μέρη
553 696 656 750 τοῦ
697 688 891 765 λόγου·
929 691 996 750 τὰ
1034 690 1237 751 λοιπὸν
1272 690 1456 759 οὕτως
1491 685 1705 765 (οὗτος)
1749 693 2093 764 ἀριθμεῖται
2130 693 2341 764 μόνον

377 801 446 847 με
484 778 620 842 τούς
654 778 910 845 ψεύστας
945 781 1046 835 καὶ
1081 773 1411 849 ὑποκριτὰς·
1444 784 1452 839 Ι
1482 786 1566 845 86,
1599 786 1660 835 19
1685 779 1758 835 vd
1797 775 1961 835 δώσω
1997 778 2128 835 τινὰ
2164 775 2336 835 οἶκό-

375 883 561 932 κρισιν
601 863 683 926 εἰς
721 857 889 919 αὐτὰ.
935 867 945 933 Ι
992 870 1075 930 87,
1118 872 1143 917 1
1183 859 1615 920 ἐκάλεσαι..νο“ι
1664 860 1912 934 φιλεύση
1962 866 1972 933 Ι
2018 871 2101 928 87,
2137 872 2169 919 3
2208 865 2334 919 καὶ

376 946 561 1004 στέλει
595 944 704 1017 τὴν
741 942 955 1017 δούλην
991 968 1094 1004 του
1130 944 1205 1004 νά
1239 944 1305 1003 τὸ
1341 943 1636 1019 άγωράση·
1674 944 1877 1003 λοιπὸν
1902 944 2081 1017 ἐπῆρε
2117 968 2178 1004 το
2205 951 2330 1004 καὶ

377 1029 549 1089 ἔθεσέ
586 1051 651 1086 το
688 1030 771 1093 εἰς
808 1028 871 1087 τὸ
909 1028 1124 1101 κεφάλι
1159 1048 1284 1100 της·
1332 1028 1491 1088 ὦσαν
1527 1032 1700 1103 ἔχουν
1734 1030 1802 1087 οἰ
1835 1040 2112 1102 γυναῖκες
2137 1030 2336 1103 συνή-

375 1121 577 1182 θειαν,
625 1109 767 1172 ὅταν
812 1111 1094 1173 σικώνουν
1142 1120 1318 1188 (σηκ.)
1358 1120 1595 1185 τίποτα,
1649 1112 1724 1174 να,
1762 1114 1826 1172 τὸ
1866 1114 2089 1186 βάνουν
2125 1117 2209 1180 εἰς
2255 1115 2334 1173 τὸ

374 1197 589 1269 κεφάλι
626 1221 777 1264 τους.
815 1199 1014 1256 ἔπειτα
1051 1195 1276 1270 ἐγύρισε
1314 1202 1416 1256 καὶ
1450 1194 1677 1271 ἤρχετο.
1716 1201 1823 1257 καὶ
1849 1198 1975 1258 ἐκεῖ
1997 1202 2103 1257 ἕνα
2136 1204 2334 1259 πουλὶ

377 1281 525 1342 ὀποῦ
561 1287 786 1354 λέγεται
823 1282 1078 1348 λούππος
1125 1287 1230 1353 (ππ
1265 1292 1351 1350 87,
1393 1292 1473 1340 12.
1507 1292 1591 1354 89,
1630 1291 1662 1339 6
1695 1305 1740 1339 π
1774 1291 1861 1349 88,
1899 1292 2005 1354 11),
2034 1282 2294 1358 ἐκατέβη
2322 1290 2331 1356 Ι

376 1377 458 1438 87,
498 1378 563 1426 10
598 1372 700 1425 καὶ
737 1366 1067 1437 πεττόμενον
1103 1364 1311 1424 άπάνω
1348 1372 1472 1425 ἴσια
1507 1369 1590 1433 εἰς
1614 1366 1680 1424 τὸ
1719 1366 1991 1435 τζουκάλι
2028 1365 2175 1427 ὀποῦ
2192 1369 2338 1442 εἶχε

374 1452 440 1511 τό
478 1452 658 1526 γάλα,
699 1454 798 1508 καὶ
835 1447 900 1508 τὸ
940 1455 1074 1521 φίδι
1120 1472 1167 1507 σ.
1206 1456 1306 1521 (om
1350 1453 1605 1525 κατέπτη
1645 1457 1731 1525 10)
1780 1459 1789 1524 Ι
1836 1461 1921 1523 87,
1961 1462 2026 1510 13
2063 1467 2139 1511 ·ιι.
2174 1476 2228 1525 χ.
2275 1477 2340 1512 κ.

375 1560 451 1595 om
481 1543 491 1607 Ι
523 1544 606 1607 87,
647 1544 710 1593 15
747 1532 951 1606 ,μόνον
989 1535 1235 1605 ἔφερνεν
1257 1580 1272 1595 .
1295 1584 1309 1596 .
1331 1539 1430 1594 καὶ
1466 1535 1631 1610 ἐσέβη
1666 1539 1749 1603 εἰς
1784 1538 1848 1595 τὰ
1891 1535 2093 1607 σπη’τι·
2143 1540 2254 1595 καὶ
2296 1536 2339 1597 ὁ

376 1619 669 1691 οἷκοκῦρις
723 1617 899 1689 ἐπῆρε
936 1640 1028 1686 το,
1067 1623 1167 1676 καὶ
1205 1621 1386 1678 ἔδωκέ
1430 1641 1495 1678 το
1520 1626 1635 1679 τῶν
1660 1616 1989 1693 ἀνθρώπων
2014 1622 2088 1680 voi
2112 1629 2336 1698 πίουν·

379 1700 529 1774 ὅμως
568 1704 731 1761 ἔπιον
766 1696 896 1759 ὅλοι
931 1708 1050 1773 Ι87,
1091 1713 1152 1760 19
1189 1702 1417 1763 ἐκεινοῦ
1449 1710 1552 1763 τοῦ
1586 1713 1650 1764 θ.
1681 1711 1689 1777 Ι
1738 1715 1823 1777 88,
1864 1715 1897 1763 5
1935 1704 2091 1764 οὖσάν
2130 1707 2340 1778 λέγεις

377 1786 512 1859 ἐσὺΙ
548 1794 632 1856 88,
669 1796 698 1844 7
735 1810 793 1859 μ.
833 1809 895 1857 φ.
932 1809 1010 1845 om
1039 1792 1048 1858 Ι
1080 1796 1164 1859 88,
1202 1798 1234 1847 9
1273 1790 1425 1847 εἷπε·
1462 1787 1499 1862 ἦ
1540 1793 1701 1849 αἰτία
1738 1815 1788 1848 τ.
1828 1797 1891 1848 θ.
1927 1814 1976 1848 τ.
2013 1790 2187 1863 α’νθρ.
2243 1792 2336 1852 εἶ·

377 1896 476 1931 ναι
513 1875 620 1929 τοῦ
656 1872 872 1929 λούπου
903 1876 912 1943 Ι
942 1880 1028 1943 88,
1050 1868 1132 1929 '14
1166 1875 1369 1931 λοιπὸν
1406 1867 1559 1946 ἦλθε
1595 1878 1694 1932 καὶ
1729 1874 1760 1933 ὁ
1801 1896 1851 1935 σ.
1880 1880 1893 1945 Ι
1941 1882 2024 1942 88,
2065 1883 2128 1931 16
2165 1882 2338 1944 λογι-

376 1962 484 2029 κῆς
533 1963 540 2026 Ι
589 1963 672 2025 88,
712 1964 928 2025 17-89,
965 1966 998 2015 3
1036 1959 1389 2030 καὶ..ζῶον]
1428 1953 1568 2017 ὥστε
1606 1960 1708 2018 δὲν
1744 1962 1928 2031 θέλης
1965 1951 2103 2032 εὗρη
2140 1953 2340 2018 ἄλλον

378 2038 705 2114 σοφώτερόν
757 2063 860 2099 του
895 2034 936 2112 ἢ
973 2043 1312 2116 λογιώτερον
1369 2043 1454 2109 εἰς
1508 2038 1651 2115 ὅλην
1689 2065 1791 2102 σου
1848 2041 1957 2116 τὴν
1995 2047 2334 2116 βασιλείαν.

376 2130 475 2184 καὶ
512 2124 542 2184 ὁ
581 2131 630 2198 β.
683 2125 936 2198 ὑπέλαβε
990 2150 1038 2183 τ.
1077 2134 1125 2183 λ.
1161 2150 1208 2184 τ.
1246 2148 1323 2196 m,
1381 2131 1482 2186 καὶ
1536 2127 1754 2193 ἐκεῖνος
1789 2127 1971 2188 πάλιν
2008 2124 2325 2202 άπεκρίθη

378 2213 477 2269 καὶ
517 2211 689 2282 λέγει·
727 2207 818 2267 ὅτι
842 2214 1002 2267 πᾶσα
1041 2216 1184 2279 ζῶον
1210 2215 1218 2282 Ι
1253 2219 1340 2283 89,
1369 2221 1397 2269 7
1424 2210 1686 2285 ἐτάχθη.
1710 2259 1723 2274 .
1743 2212 1819 2270 να
1856 2211 2042 2285 τρώγη
2079 2210 2153 2270 νά
2177 2217 2335 2283 θρέ-

378 2299 596 2367 φεταιΙ
644 2302 728 2362 89,
768 2303 951 2364 7-90,
991 2303 1021 2350 2
1058 2299 1158 2352 καὶ
1195 2293 1225 2353 ὁ
1266 2300 1319 2367 β.
1362 2343 1373 2355 .
1398 2342 1409 2356 .
1474 2345 1485 2357 .
1530 2300 1623 2369 Σ.]
1656 2306 1832 2369 per-qil
1869 2303 2129 2370 Syntipas
2162 2297 2334 2368 πλὴν

381 2380 506 2437 εἰπέ
544 2400 655 2451 μου
693 2377 792 2437 έσῦ
830 2371 873 2434 ὦ
925 2383 1179 2437 παιδίων
1234 2384 1391 2446 τίνος
1429 2382 1555 2441 ἕναι
1592 2379 1628 2453 ἡ
1665 2384 1826 2440 αἰτία
1879 2385 1982 2440 τοῦ
2017 2378 2337 2439 θανάτου·

378 2467 476 2522 καὶ
513 2459 656 2521 αὐτὸ
692 2458 1005 2535 ἀπεκρίθη-
1027 2468 1127 2521 τοῦ
1165 2468 1442 2535 βασιλέως
1480 2465 1684 2538 λέγων·
1724 2458 1769 2522 ὦ
1805 2466 2087 2524 δέσποτα·
2122 2465 2182 2522 οἰ
2213 2488 2331 2536 ιρι-

376 2548 614 2618 λοσόφοι
651 2568 756 2606 σου
780 2544 1109 2614 οὖδεποσῶς
1135 2549 1236 2606 δὲν
1264 2551 1551 2619 σφάλουν·
1591 2549 1696 2621 άμι
1720 2546 2115 2608 §advoc-6305
2143 2550 2334 2608 ἔπιαν

376 2632 440 2689 τό
480 2635 630 2704 γάλα
667 2630 1059 2704 μελλούμενον
1094 2627 1236 2706 ἦτον
1290 2628 1407 2690 άπὸ
1460 2632 1571 2706 τὴν
1617 2631 1798 2706 τύχην
1833 2632 1909 2691 νά
1946 2631 2011 2690 τὸ
2049 2631 2331 2691 πάθουν·

377 2719 476 2773 καὶ
528 2738 598 2788 με
651 2718 874 2774 τέτοιον
926 2713 1195 2775 θάνατον
1248 2715 1323 2775 νιῗι
1368 2713 1745 2776 ἀποθάνονν·
1802 2721 1905 2776 καὶ
1957 2714 1988 2774 ὁ
2042 2715 2335 2789 βασιλεὺς

379 2798 597 2872 ἐδέχθη
634 2798 738 2858 τὸν
773 2799 941 2873 λόγον
977 2797 1055 2867 αἱς
1094 2800 1334 2874 εὔλογον
1371 2805 1472 2860 καὶ
1507 2800 1683 2874 ἐχάρη
1720 2804 1907 2860 πολλοὶ
1946 2803 2030 2868 εἰς
2064 2801 2173 2872 τὴν
2207 2823 2331 2859 πο-

379 2887 709 2954 λυμαθείαν
731 2888 832 2942 τοῦ
852 2883 984 2943 viui
1020 2901 1147 2944 του·
1191 2889 1289 2945 καὶ
1312 2891 1434 2952 ἴσος
1470 2885 1567 2944 ἐπὶ
1611 2885 1723 2957 τήν
1761 2883 2198 2958 συλλογιστικήν
2214 2889 2330 2944 καὶ

379 2964 722 3037 σοφιστικήν
741 2989 845 3026 του
864 2969 1151 3041 φρόνησιν
1188 2973 1289 3027 καὶ
1325 2965 1661 3042 ἀπόκρισιν,
1716 2972 1816 3028 καὶ
1854 2972 2005 3044 λέγει
2041 2974 2143 3028 τοῦ
2181 2990 2329 3028 συν-

378 3052 557 3109 τύπα·
590 3056 598 3121 Ι
630 3060 712 3121 90,
735 3060 784 3108 4.
819 3060 852 3108 5
886 3048 1070 3123 άκόμι
1106 3052 1265 3124 μάθε
1306 3062 1475 3125 (doce)
1498 3052 1790 3113 τόνυῖόν
1842 3076 1971 3126 μου
2003 3058 2013 3126 Ι
2042 3063 2126 3124 90,
2162 3063 2329 3111 622oe-

377 3141 500 3202 θῶς
539 3134 602 3193 τὸ
622 3134 903 3205 ἐπροεῖπα
955 3140 1057 3208 τῆς
1093 3142 1389 3208 βασιλείας
1444 3143 1574 3196 σου·
1626 3143 1635 3210 Ι
1682 3149 1766 3210 90,
1802 3138 2064 3197 8-11νά
2099 3138 2217 3210 μὴν
2250 3139 2327 3197 τό

379 3220 601 3292 διδάξω
637 3226 739 3279 τοῦ
776 3219 912 3279 υἰού
934 3241 1060 3279 σου·
1100 3225 1200 3279 καὶ
1236 3227 1436 3297 θαρρῶ
1470 3221 1545 3280 να
1584 3228 1686 3281 σοῦ
1727 3223 1933 3282 εἰποῦν
1968 3225 2068 3280 καὶ
2102 3216 2228 3281 ὅλοι
2262 3224 2336 3282 οἷ

378 3306 695 3379 φιλοσόφοι
722 3305 872 3364 ὀποῦ
915 3302 1321 3377 εὖρίσκουνται
1360 3309 1444 3373 εἰς
1480 3305 1589 3378 τὴν
1632 3312 1682 3379 β.
1721 3328 1839 3368 σου.
1873 3309 1978 3365 καὶ
2014 3303 2044 3365 ὁ
2079 3311 2133 3379 β.
2168 3303 2265 3369 ὑπ.
2314 3312 2323 3380 Ι

377 3401 461 3461 90,
506 3400 567 3448 12
607 3390 733 3449 εἶπε
768 3396 882 3449 τῶν
920 3388 1281 3463 μεγιστάνων
1320 3394 1420 3450 καὶ
1456 3395 1588 3449 τῶν
1625 3414 1688 3462 φ.
1720 3397 1730 3462 Ι
1760 3401 1844 3463 90,
1873 3399 1938 3448 14
1970 3386 2089 3464 ὅτι]
2126 3387 2201 3457 ὥς
2238 3389 2327 3462 ἐξ

378 3472 507 3539 §vag
547 3475 849 3548 στόματος·
900 3478 909 3546 Ι
958 3484 1040 3545 90,
1081 3483 1162 3532 16.
1203 3485 1264 3533 17
1304 3472 1565 3547 α’λήθεια
1604 3476 1756 3549 λέγει
1795 3474 1824 3533 ὁ
1863 3480 1916 3536 δ.
1954 3497 2059 3533 σου
2091 3474 2189 3533 διὰ
2229 3476 2331 3546 σὲς

379 3561 388 3622 Ι
430 3565 513 3636 90,
554 3566 617 3616 18
672 3555 804 3616 ἀντὶ
850 3582 896 3616 τ.
951 3562 1034 3632 m]
1094 3554 1280 3626 εὐθύς
1334 3557 1408 3625 ὥς
1461 3558 1860 3634 ἅποστόματος
1911 3563 2015 3621 τοῦ
2067 3564 2325 3620 παιδίου
