<?xml version="1.0" encoding="UTF-8"?>
<!DOCTYPE html PUBLIC "-//W3C//DTD XHTML 1.0 Transitional//EN"
    "http://www.w3.org/TR/xhtml1/DTD/xhtml1-transitional.dtd">
<html xmlns="http://www.w3.org/1999/xhtml" xml:lang="en" lang="en">
 <head>
  <title>
</title>
<meta http-equiv="Content-Type" content="text/html;charset=utf-8" />
  <meta name='ocr-system' content='tesseract 3.04.00' />
  <meta name='ocr-capabilities' content='ocr_page ocr_carea ocr_par ocr_line ocrx_word'/>
</head>
<body>
  <div class='ocr_page' id='page_1' title='image "./fabulaeromanens00aphtgoog_0304.png"; bbox 0 0 2563 4087; ppageno 0'>
   <div class='ocr_carea' id='block_1_1' title="bbox 365 266 1494 335">
    <p class='ocr_par' dir='ltr' id='par_1_1' title="bbox 365 266 1494 335">
     <span class='ocr_line' id='line_1_1' title="bbox 365 266 1494 335; baseline 0.001 -18"><span class='ocrx_word' id='word_1_1' title='bbox 365 267 514 333; x_wconf 76' lang='lat'><strong><em>233.</em></strong></span> <span class='ocrx_word' id='word_1_2' title='bbox 852 308 858 313; x_wconf 87' lang='lat'>.</span> <span class='ocrx_word' id='word_1_3' title='bbox 929 326 936 335; x_wconf 48' lang='lat'>‚</span> <span class='ocrx_word' id='word_1_4' title='bbox 1179 266 1430 332; x_wconf 77' lang='lat' dir='ltr'><strong><em>Aesopus</em></strong></span> <span class='ocrx_word' id='word_1_5' title='bbox 1466 268 1494 318; x_wconf 93' lang='lat'>1</span> 
     </span>
    </p>
   </div>
   <div class='ocr_carea' id='block_1_2' title="bbox 178 416 2425 2340">
    <p class='ocr_par' dir='ltr' id='par_1_2' title="bbox 183 416 2399 1936">
     <span class='ocr_line' id='line_1_2' title="bbox 373 416 2319 515; baseline -0.002 -19"><span class='ocrx_word' id='word_1_6' title='bbox 373 436 492 515; x_wconf 87' lang='grc' dir='ltr'><strong><em>λης</em></strong></span> <span class='ocrx_word' id='word_1_7' title='bbox 564 430 937 515; x_wconf 77' lang='grc' dir='ltr'><strong><em>ἐπιμελείας</em></strong></span> <span class='ocrx_word' id='word_1_8' title='bbox 1007 416 1380 511; x_wconf 74' lang='grc' dir='ltr'><strong><em>ἀξιωθῆναι</em></strong></span> <span class='ocrx_word' id='word_1_9' title='bbox 1448 423 1931 510; x_wconf 80' lang='grc' dir='ltr'><strong><em>κελεύσαντος,</em></strong></span> <span class='ocrx_word' id='word_1_10' title='bbox 1987 433 2319 503; x_wconf 75' lang='grc' dir='ltr'><strong><em>Αἴσωπος</em></strong></span> 
     </span>
     <span class='ocr_line' id='line_1_3' title="bbox 372 516 2320 617; baseline -0.002 -19"><span class='ocrx_word' id='word_1_11' title='bbox 372 528 535 617; x_wconf 78' lang='grc' dir='ltr'><strong><em>μετὰ</em></strong></span> <span class='ocrx_word' id='word_1_12' title='bbox 570 531 770 597; x_wconf 84' lang='grc' dir='ltr'><strong><em>τοῦτο</em></strong></span> <span class='ocrx_word' id='word_1_13' title='bbox 796 529 912 596; x_wconf 90' lang='grc' dir='ltr'><strong><em>καὶ</em></strong></span> <span class='ocrx_word' id='word_1_14' title='bbox 939 522 1118 613; x_wconf 70' lang='grc' dir='ltr'><strong><em>ὑπὲρ</em></strong></span> <span class='ocrx_word' id='word_1_15' title='bbox 1148 516 1246 594; x_wconf 75' lang='grc' dir='ltr'><strong><em>ὧν</em></strong></span> <span class='ocrx_word' id='word_1_16' title='bbox 1271 525 1704 614; x_wconf 68' lang='grc' dir='ltr'><strong><em>κατηγορήθη</em></strong></span> <span class='ocrx_word' id='word_1_17' title='bbox 1731 524 1852 605; x_wconf 76' lang='grc' dir='ltr'><strong><em>τὰς</em></strong></span> <span class='ocrx_word' id='word_1_18' title='bbox 1880 531 2105 605; x_wconf 81' lang='grc' dir='ltr'><strong><em>αἰτίας</em></strong></span> <span class='ocrx_word' id='word_1_19' title='bbox 2141 525 2320 594; x_wconf 79' lang='grc' dir='ltr'><strong><em>ἄπε-</em></strong></span> 
     </span>
     <span class='ocr_line' id='line_1_4' title="bbox 378 622 2318 716; baseline -0.002 -18"><span class='ocrx_word' id='word_1_20' title='bbox 378 630 769 700; x_wconf 77' lang='grc' dir='ltr'><strong><em>σκευοέσατο·</em></strong></span> <span class='ocrx_word' id='word_1_21' title='bbox 801 626 898 716; x_wconf 81' lang='grc' dir='ltr'><strong><em>ἐφ’</em></strong></span> <span class='ocrx_word' id='word_1_22' title='bbox 924 622 1028 708; x_wconf 87' lang='grc' dir='ltr'><strong><em>οἷς</em></strong></span> <span class='ocrx_word' id='word_1_23' title='bbox 1053 627 1167 696; x_wconf 89' lang='grc' dir='ltr'><strong><em>καὶ</em></strong></span> <span class='ocrx_word' id='word_1_24' title='bbox 1193 632 1321 695; x_wconf 80' lang='grc' dir='ltr'><strong><em>τοῦ</em></strong></span> <span class='ocrx_word' id='word_1_25' title='bbox 1341 628 1667 715; x_wconf 83' lang='grc' dir='ltr'><strong><em>βασιλέως</em></strong></span> <span class='ocrx_word' id='word_1_26' title='bbox 1694 626 1816 694; x_wconf 86' lang='grc' dir='ltr'><strong><em>τὸν</em></strong></span> <span class='ocrx_word' id='word_1_27' title='bbox 1829 624 2084 696; x_wconf 70' lang='grc' dir='ltr'><strong><em>’Ἑννον</em></strong></span> <span class='ocrx_word' id='word_1_28' title='bbox 2113 625 2318 695; x_wconf 87' lang='grc' dir='ltr'><strong><em>α’ναι-</em></strong></span> 
     </span>
     <span class='ocr_line' id='line_1_5' title="bbox 375 726 2317 820; baseline -0.002 -19"><span class='ocrx_word' id='word_1_29' title='bbox 375 747 523 820; x_wconf 80' lang='grc' dir='ltr'><strong><em>ρετν</em></strong></span> <span class='ocrx_word' id='word_1_30' title='bbox 548 731 936 818; x_wconf 81' lang='grc' dir='ltr'><strong><em>μέλλοντος,</em></strong></span> <span class='ocrx_word' id='word_1_31' title='bbox 957 739 1279 808; x_wconf 78' lang='grc' dir='ltr'><strong><em>Αἴσωπος</em></strong></span> <span class='ocrx_word' id='word_1_32' title='bbox 1307 726 1496 820; x_wconf 74' lang='grc' dir='ltr'><strong><em>αὐτῷ</em></strong></span> <span class='ocrx_word' id='word_1_33' title='bbox 1540 726 1954 816; x_wconf 72' lang='grc' dir='ltr'><strong><em>συγγνώμην</em></strong></span> <span class='ocrx_word' id='word_1_34' title='bbox 1991 726 2317 817; x_wconf 78' lang='grc' dir='ltr'><strong><em>ᾐτήσατο.</em></strong></span> 
     </span>
     <span class='ocr_line' id='line_1_6' title="bbox 324 822 2399 920; baseline -0.001 -18"><span class='ocrx_word' id='word_1_35' title='bbox 324 861 350 901; x_wconf 85' lang='lat'><strong>5</strong></span> <span class='ocrx_word' id='word_1_36' title='bbox 378 832 721 920; x_wconf 79' lang='grc' dir='ltr'><strong><em>ἑπομένως</em></strong></span> <span class='ocrx_word' id='word_1_37' title='bbox 762 830 840 899; x_wconf 77' lang='grc' dir='ltr'><strong><em>δὲ</em></strong></span> <span class='ocrx_word' id='word_1_38' title='bbox 881 832 1145 909; x_wconf 81' lang='grc' dir='ltr'><strong><em>τούτοις</em></strong></span> <span class='ocrx_word' id='word_1_39' title='bbox 1179 829 1217 899; x_wconf 87' lang='grc' dir='ltr'>ὁ</span> <span class='ocrx_word' id='word_1_40' title='bbox 1253 829 1575 918; x_wconf 77' lang='grc' dir='ltr'><strong><em>βασιλεῦς</em></strong></span> <span class='ocrx_word' id='word_1_41' title='bbox 1610 827 1735 917; x_wconf 83' lang='grc' dir='ltr'><strong><em>τὴν</em></strong></span> <span class='ocrx_word' id='word_1_42' title='bbox 1769 831 1894 897; x_wconf 83' lang='grc' dir='ltr'><strong><em>τοῦ</em></strong></span> <span class='ocrx_word' id='word_1_43' title='bbox 1918 837 2340 916; x_wconf 77' lang='grc' dir='ltr'><strong><em>Αἰγυπτίου·</em></strong></span> <span class='ocrx_word' id='word_1_44' title='bbox 2376 822 2399 840; x_wconf 66' lang='lat'><strong><em>‘</em></strong></span> 
     </span>
     <span class='ocr_line' id='line_1_7' title="bbox 378 927 2320 1023; baseline -0.002 -20"><span class='ocrx_word' id='word_1_45' title='bbox 378 932 737 1019; x_wconf 75' lang='grc' dir='ltr'><strong><em>ἐπιστολὴν</em></strong></span> <span class='ocrx_word' id='word_1_46' title='bbox 795 934 890 1023; x_wconf 79' lang='grc' dir='ltr'><strong><em>τῷ</em></strong></span> <span class='ocrx_word' id='word_1_47' title='bbox 932 931 1231 1023; x_wconf 74' lang='grc' dir='ltr'><strong><em>Αἰσώπῳ</em></strong></span> <span class='ocrx_word' id='word_1_48' title='bbox 1284 933 1624 1000; x_wconf 78' lang='grc' dir='ltr'><strong><em>ἐπέδωκεν</em></strong></span> <span class='ocrx_word' id='word_1_49' title='bbox 1672 929 2083 1017; x_wconf 76' lang='grc' dir='ltr'><strong><em>ἀναγνῶναι.</em></strong></span> <span class='ocrx_word' id='word_1_50' title='bbox 2158 927 2200 998; x_wconf 78' lang='grc' dir='ltr'>ὃ</span> <span class='ocrx_word' id='word_1_51' title='bbox 2248 930 2320 1000; x_wconf 77' lang='grc' dir='ltr'><strong><em>δ’</em></strong></span> 
     </span>
     <span class='ocr_line' id='line_1_8' title="bbox 375 1032 2332 1121; baseline -0.001 -18"><span class='ocrx_word' id='word_1_52' title='bbox 375 1032 622 1103; x_wconf 81' lang='grc' dir='ltr'><strong><em>αὐτίκα</em></strong></span> <span class='ocrx_word' id='word_1_53' title='bbox 657 1033 782 1121; x_wconf 82' lang='grc' dir='ltr'><strong><em>τὴν</em></strong></span> <span class='ocrx_word' id='word_1_54' title='bbox 828 1033 1028 1103; x_wconf 88' lang='grc' dir='ltr'><strong><em>λύσιν</em></strong></span> <span class='ocrx_word' id='word_1_55' title='bbox 1065 1035 1298 1112; x_wconf 85' lang='grc' dir='ltr'><strong><em>συνεὶς</em></strong></span> <span class='ocrx_word' id='word_1_56' title='bbox 1331 1034 1454 1101; x_wconf 83' lang='grc' dir='ltr'><strong><em>τοῦ</em></strong></span> <span class='ocrx_word' id='word_1_57' title='bbox 1493 1032 1990 1121; x_wconf 79' lang='grc' dir='ltr'><strong><em>προβλήματος,</em></strong></span> <span class='ocrx_word' id='word_1_58' title='bbox 2039 1033 2332 1120; x_wconf 78' lang='grc' dir='ltr'><strong><em>ἐγέλασέ</em></strong></span> 
     </span>
     <span class='ocr_line' id='line_1_9' title="bbox 374 1132 2326 1223; baseline -0.002 -19"><span class='ocrx_word' id='word_1_59' title='bbox 374 1148 445 1204; x_wconf 75' lang='grc' dir='ltr'><strong><em>τε</em></strong></span> <span class='ocrx_word' id='word_1_60' title='bbox 492 1137 609 1204; x_wconf 85' lang='grc' dir='ltr'><strong><em>καὶ</em></strong></span> <span class='ocrx_word' id='word_1_61' title='bbox 658 1134 1096 1223; x_wconf 76' lang='grc' dir='ltr'><strong><em>ἀντιγράφειν</em></strong></span> <span class='ocrx_word' id='word_1_62' title='bbox 1158 1134 1532 1221; x_wconf 79' lang='grc' dir='ltr'><strong><em>ἐκέλευσεν,</em></strong></span> <span class='ocrx_word' id='word_1_63' title='bbox 1596 1132 1689 1215; x_wconf 82' lang='grc' dir='ltr'><strong><em>ώς</em></strong></span> <span class='ocrx_word' id='word_1_64' title='bbox 1746 1134 2025 1223; x_wconf 56' lang='grc' dir='ltr'><strong><em>,ἐπειδὰν</em></strong></span> <span class='ocrx_word' id='word_1_65' title='bbox 2068 1134 2326 1222; x_wconf 73' lang='grc' dir='ltr'><strong><em>χειμών</em></strong></span> 
     </span>
     <span class='ocr_line' id='line_1_10' title="bbox 378 1234 2327 1327; baseline -0.002 -21"><span class='ocrx_word' id='word_1_66' title='bbox 378 1239 719 1327; x_wconf 76' lang='grc' dir='ltr'><strong><em>παρέλθῃ,</em></strong></span> <span class='ocrx_word' id='word_1_67' title='bbox 756 1241 1154 1324; x_wconf 72' lang='grc' dir='ltr'><strong><em>πεμφθῆναι</em></strong></span> <span class='ocrx_word' id='word_1_68' title='bbox 1186 1235 1353 1316; x_wconf 85' lang='grc' dir='ltr'><strong><em>τούς</em></strong></span> <span class='ocrx_word' id='word_1_69' title='bbox 1386 1261 1460 1305; x_wconf 89' lang='grc' dir='ltr'><strong><em>τε</em></strong></span> <span class='ocrx_word' id='word_1_70' title='bbox 1492 1234 1613 1304; x_wconf 84' lang='grc' dir='ltr'><strong><em>τὸν</em></strong></span> <span class='ocrx_word' id='word_1_71' title='bbox 1645 1235 1916 1324; x_wconf 87' lang='grc' dir='ltr'><strong><em>πύργον</em></strong></span> <span class='ocrx_word' id='word_1_72' title='bbox 1953 1234 2327 1323; x_wconf 83' lang='grc' dir='ltr'><strong><em>οἰκοδομή-</em></strong></span> 
     </span>
     <span class='ocr_line' id='line_1_11' title="bbox 301 1336 2322 1425; baseline -0 -20"><span class='ocrx_word' id='word_1_73' title='bbox 301 1367 352 1405; x_wconf 83' lang='grc' dir='ltr'><strong><em>ιο</em></strong></span> <span class='ocrx_word' id='word_1_74' title='bbox 380 1361 624 1419; x_wconf 89' lang='grc' dir='ltr'><strong><em>σοντας</em></strong></span> <span class='ocrx_word' id='word_1_75' title='bbox 658 1338 775 1407; x_wconf 84' lang='grc' dir='ltr'><strong><em>καὶ</em></strong></span> <span class='ocrx_word' id='word_1_76' title='bbox 814 1337 937 1407; x_wconf 82' lang='grc' dir='ltr'><strong><em>τὸν</em></strong></span> <span class='ocrx_word' id='word_1_77' title='bbox 976 1336 1561 1425; x_wconf 79' lang='grc' dir='ltr'><strong><em>ἀποκρινούμενον</em></strong></span> <span class='ocrx_word' id='word_1_78' title='bbox 1590 1337 1759 1424; x_wconf 86' lang='grc' dir='ltr'><strong><em>πρὸς</em></strong></span> <span class='ocrx_word' id='word_1_79' title='bbox 1784 1336 1865 1405; x_wconf 77' lang='grc' dir='ltr'><strong><em>τὰ</em></strong></span> <span class='ocrx_word' id='word_1_80' title='bbox 1897 1336 2322 1425; x_wconf 75' lang='grc' dir='ltr'><strong><em>ἐρωτώμενα.</em></strong></span> 
     </span>
     <span class='ocr_line' id='line_1_12' title="bbox 183 1415 2328 1530; baseline -0.002 -20"><span class='ocrx_word' id='word_1_81' title='bbox 183 1415 346 1469; x_wconf 58' lang='lat' dir='ltr'><strong>P&#39;Sob&#39;</strong></span> <span class='ocrx_word' id='word_1_82' title='bbox 380 1437 417 1509; x_wconf 85' lang='grc' dir='ltr'>ὁ</span> <span class='ocrx_word' id='word_1_83' title='bbox 453 1440 771 1530; x_wconf 75' lang='grc' dir='ltr'><strong><em>βασιλεὺς</em></strong></span> <span class='ocrx_word' id='word_1_84' title='bbox 808 1430 940 1508; x_wconf 78' lang='grc' dir='ltr'><strong><em>οὖν</em></strong></span> <span class='ocrx_word' id='word_1_85' title='bbox 973 1439 1139 1519; x_wconf 80' lang='grc' dir='ltr'><strong><em>τούς</em></strong></span> <span class='ocrx_word' id='word_1_86' title='bbox 1173 1438 1301 1527; x_wconf 75' lang='grc' dir='ltr'><strong><em>μὲν</em></strong></span> <span class='ocrx_word' id='word_1_87' title='bbox 1329 1445 1755 1525; x_wconf 83' lang='grc' dir='ltr'><strong><em>Αἰγυπτίους</em></strong></span> <span class='ocrx_word' id='word_1_88' title='bbox 1798 1439 2108 1527; x_wconf 84' lang='grc' dir='ltr'><strong><em>πρέσβεις</em></strong></span> <span class='ocrx_word' id='word_1_89' title='bbox 2143 1437 2328 1507; x_wconf 76' lang='grc' dir='ltr'><strong><em>ἁπέ-</em></strong></span> 
     </span>
     <span class='ocr_line' id='line_1_13' title="bbox 327 1539 2330 1632; baseline 0 -26"><span class='ocrx_word' id='word_1_90' title='bbox 327 1600 333 1606; x_wconf 91' lang='grc'><em>.</em></span> <span class='ocrx_word' id='word_1_91' title='bbox 379 1550 652 1629; x_wconf 87' lang='grc' dir='ltr'><strong><em>στειλεν,</em></strong></span> <span class='ocrx_word' id='word_1_92' title='bbox 687 1540 988 1632; x_wconf 74' lang='grc' dir='ltr'><strong><em>Αἰσώπῳ</em></strong></span> <span class='ocrx_word' id='word_1_93' title='bbox 1024 1540 1101 1610; x_wconf 75' lang='grc' dir='ltr'><strong><em>δὲ</em></strong></span> <span class='ocrx_word' id='word_1_94' title='bbox 1133 1540 1259 1628; x_wconf 83' lang='grc' dir='ltr'><strong><em>τὴν</em></strong></span> <span class='ocrx_word' id='word_1_95' title='bbox 1290 1541 1356 1621; x_wconf 74' lang='grc' dir='ltr'><strong><em>ἐξ</em></strong></span> <span class='ocrx_word' id='word_1_96' title='bbox 1384 1539 1594 1628; x_wconf 79' lang='grc' dir='ltr'><strong><em>ἀρχῆς</em></strong></span> <span class='ocrx_word' id='word_1_97' title='bbox 1631 1544 1959 1627; x_wconf 89' lang='grc' dir='ltr'><strong><em>διοίκησιν</em></strong></span> <span class='ocrx_word' id='word_1_98' title='bbox 1997 1541 2330 1626; x_wconf 77' lang='grc' dir='ltr'><strong><em>ἐνεχείρι-</em></strong></span> 
     </span>
     <span class='ocr_line' id='line_1_14' title="bbox 380 1639 2325 1733; baseline -0.001 -22"><span class='ocrx_word' id='word_1_99' title='bbox 380 1663 496 1712; x_wconf 89' lang='grc' dir='ltr'><strong><em>σεν</em></strong></span> <span class='ocrx_word' id='word_1_100' title='bbox 522 1640 815 1727; x_wconf 76' lang='grc' dir='ltr'><strong><em>ἅπασαν,</em></strong></span> <span class='ocrx_word' id='word_1_101' title='bbox 857 1646 1136 1710; x_wconf 78' lang='grc' dir='ltr'><strong><em>ἔκδοτον</em></strong></span> <span class='ocrx_word' id='word_1_102' title='bbox 1163 1641 1352 1733; x_wconf 78' lang='grc' dir='ltr'><strong><em>αὐτῷ</em></strong></span> <span class='ocrx_word' id='word_1_103' title='bbox 1382 1641 1736 1729; x_wconf 74' lang='grc' dir='ltr'><strong><em>παραδούς</em></strong></span> <span class='ocrx_word' id='word_1_104' title='bbox 1766 1641 1881 1710; x_wconf 89' lang='grc' dir='ltr'><strong><em>καὶ</em></strong></span> <span class='ocrx_word' id='word_1_105' title='bbox 1906 1640 2029 1709; x_wconf 90' lang='grc' dir='ltr'><strong><em>τὸν</em></strong></span> <span class='ocrx_word' id='word_1_106' title='bbox 2043 1639 2325 1711; x_wconf 78' lang='grc' dir='ltr'><strong><em>’Ἑννον.</em></strong></span> 
     </span>
     <span class='ocr_line' id='line_1_15' title="bbox 379 1740 2327 1838; baseline -0.001 -26"><span class='ocrx_word' id='word_1_107' title='bbox 379 1741 417 1813; x_wconf 86' lang='grc' dir='ltr'>ὁ</span> <span class='ocrx_word' id='word_1_108' title='bbox 464 1742 541 1812; x_wconf 71' lang='grc' dir='ltr'><strong><em>δὲ</em></strong></span> <span class='ocrx_word' id='word_1_109' title='bbox 562 1753 883 1823; x_wconf 77' lang='grc' dir='ltr'><strong><em>Αἴσωπος</em></strong></span> <span class='ocrx_word' id='word_1_110' title='bbox 931 1743 1350 1838; x_wconf 73' lang='grc' dir='ltr'><strong><em>παραλαβών</em></strong></span> <span class='ocrx_word' id='word_1_111' title='bbox 1383 1743 1507 1812; x_wconf 86' lang='grc' dir='ltr'><strong><em>τὸν</em></strong></span> <span class='ocrx_word' id='word_1_112' title='bbox 1529 1741 1807 1830; x_wconf 74' lang='grc' dir='ltr'><strong><em>”Εννον,</em></strong></span> <span class='ocrx_word' id='word_1_113' title='bbox 1857 1740 2066 1812; x_wconf 73' lang='grc' dir='ltr'><strong><em>οὐδὲν</em></strong></span> <span class='ocrx_word' id='word_1_114' title='bbox 2115 1741 2327 1830; x_wconf 77' lang='grc' dir='ltr'><strong><em>ἀηδὲς</em></strong></span> 
     </span>
     <span class='ocr_line' id='line_1_16' title="bbox 305 1841 2324 1936; baseline 0.001 -25"><span class='ocrx_word' id='word_1_115' title='bbox 305 1870 356 1911; x_wconf 85' lang='lat'><strong><em>15</em></strong></span> <span class='ocrx_word' id='word_1_116' title='bbox 381 1842 594 1913; x_wconf 81' lang='grc' dir='ltr'><strong><em>αὐτὸν</em></strong></span> <span class='ocrx_word' id='word_1_117' title='bbox 624 1849 931 1932; x_wconf 80' lang='grc' dir='ltr'><strong><em>ἔδρασεν,</em></strong></span> <span class='ocrx_word' id='word_1_118' title='bbox 967 1843 1106 1913; x_wconf 78' lang='grc' dir='ltr'><strong><em>ἄλλ’</em></strong></span> <span class='ocrx_word' id='word_1_119' title='bbox 1141 1843 1232 1924; x_wconf 81' lang='grc' dir='ltr'><strong><em>ώς</em></strong></span> <span class='ocrx_word' id='word_1_120' title='bbox 1258 1847 1392 1936; x_wconf 73' lang='grc' dir='ltr'><strong><em>υἱῷ</em></strong></span> <span class='ocrx_word' id='word_1_121' title='bbox 1421 1844 1625 1913; x_wconf 78' lang='grc' dir='ltr'><strong><em>πάλιν</em></strong></span> <span class='ocrx_word' id='word_1_122' title='bbox 1654 1843 2037 1933; x_wconf 81' lang='grc' dir='ltr'><strong><em>προςσχών,</em></strong></span> <span class='ocrx_word' id='word_1_123' title='bbox 2065 1841 2324 1924; x_wconf 75' lang='grc' dir='ltr'><strong><em>ἄλλους</em></strong></span> 
     </span>
    </p>

    <p class='ocr_par' dir='ltr' id='par_1_3' title="bbox 178 1944 2425 2340">
     <span class='ocr_line' id='line_1_17' title="bbox 378 1944 1773 2033; baseline -0.001 -18"><span class='ocrx_word' id='word_1_124' title='bbox 378 1973 450 2016; x_wconf 85' lang='grc' dir='ltr'><strong><em>τε</em></strong></span> <span class='ocrx_word' id='word_1_125' title='bbox 484 1948 599 2016; x_wconf 89' lang='grc' dir='ltr'><strong><em>καὶ</em></strong></span> <span class='ocrx_word' id='word_1_126' title='bbox 635 1947 924 2027; x_wconf 79' lang='grc' dir='ltr'><strong><em>τούτους</em></strong></span> <span class='ocrx_word' id='word_1_127' title='bbox 959 1944 1272 2016; x_wconf 74' lang='grc' dir='ltr'><strong><em>ὑπετίθει</em></strong></span> <span class='ocrx_word' id='word_1_128' title='bbox 1305 1945 1470 2026; x_wconf 74' lang='grc' dir='ltr'><strong><em>τοῦς</em></strong></span> <span class='ocrx_word' id='word_1_129' title='bbox 1508 1945 1773 2033; x_wconf 88' lang='grc' dir='ltr'><strong><em>λόγους.</em></strong></span> 
     </span>
     <span class='ocr_line' id='line_1_18' title="bbox 178 2045 2425 2139; baseline -0.002 -18"><span class='ocrx_word' id='word_1_130' title='bbox 178 2075 355 2127; x_wconf 73' lang='lat' dir='ltr'><strong>XXVI</strong></span> <span class='ocrx_word' id='word_1_131' title='bbox 515 2050 855 2139; x_wconf 71' lang='lat' dir='ltr'><strong><em>„Te&#39;nvov3</em></strong></span> <span class='ocrx_word' id='word_1_132' title='bbox 892 2049 1023 2137; x_wconf 88' lang='grc' dir='ltr'><strong><em>πρὸ</em></strong></span> <span class='ocrx_word' id='word_1_133' title='bbox 1061 2049 1341 2118; x_wconf 75' lang='grc' dir='ltr'><strong><em>πάντων</em></strong></span> <span class='ocrx_word' id='word_1_134' title='bbox 1377 2050 1582 2136; x_wconf 81' lang='grc' dir='ltr'><strong><em>σέβου</em></strong></span> <span class='ocrx_word' id='word_1_135' title='bbox 1617 2049 1694 2117; x_wconf 82' lang='grc' dir='ltr'><strong><em>τὸ</em></strong></span> <span class='ocrx_word' id='word_1_136' title='bbox 1720 2059 1941 2134; x_wconf 82' lang='grc' dir='ltr'><strong><em>θεῖον,</em></strong></span> <span class='ocrx_word' id='word_1_137' title='bbox 1967 2045 2095 2116; x_wconf 77' lang='grc' dir='ltr'><strong><em>τόν</em></strong></span> <span class='ocrx_word' id='word_1_138' title='bbox 2120 2054 2316 2135; x_wconf 83' lang='grc' dir='ltr'><strong><em>βασι-</em></strong></span> <span class='ocrx_word' id='word_1_139' title='bbox 2416 2111 2425 2116; x_wconf 75' lang='grc'><strong><em>,</em></strong></span> 
     </span>
     <span class='ocr_line' id='line_1_19' title="bbox 380 2149 2314 2238; baseline -0.001 -20"><span class='ocrx_word' id='word_1_140' title='bbox 380 2152 499 2218; x_wconf 80' lang='grc' dir='ltr'><strong><em>λέα</em></strong></span> <span class='ocrx_word' id='word_1_141' title='bbox 536 2150 613 2220; x_wconf 75' lang='grc' dir='ltr'><strong><em>δὲ</em></strong></span> <span class='ocrx_word' id='word_1_142' title='bbox 647 2158 840 2238; x_wconf 86' lang='grc' dir='ltr'><strong><em>τ’ίμα·</em></strong></span> <span class='ocrx_word' id='word_1_143' title='bbox 877 2152 993 2219; x_wconf 85' lang='grc' dir='ltr'><strong><em>καὶ</em></strong></span> <span class='ocrx_word' id='word_1_144' title='bbox 1029 2165 1173 2231; x_wconf 81' lang='grc' dir='ltr'><strong><em>τοῖς</em></strong></span> <span class='ocrx_word' id='word_1_145' title='bbox 1208 2149 1337 2238; x_wconf 73' lang='grc' dir='ltr'><strong><em>μὲν</em></strong></span> <span class='ocrx_word' id='word_1_146' title='bbox 1376 2153 1648 2237; x_wconf 76' lang='grc' dir='ltr'><strong><em>ἐχθροῖς</em></strong></span> <span class='ocrx_word' id='word_1_147' title='bbox 1684 2168 1809 2219; x_wconf 87' lang='grc' dir='ltr'><strong><em>σου</em></strong></span> <span class='ocrx_word' id='word_1_148' title='bbox 1848 2149 2081 2218; x_wconf 82' lang='grc' dir='ltr'><strong><em>δεινὸν</em></strong></span> <span class='ocrx_word' id='word_1_149' title='bbox 2109 2168 2314 2218; x_wconf 84' lang='grc' dir='ltr'><strong><em>σεαυ-</em></strong></span> 
     </span>
     <span class='ocr_line' id='line_1_20' title="bbox 379 2250 2325 2340; baseline 0 -20"><span class='ocrx_word' id='word_1_150' title='bbox 379 2250 501 2321; x_wconf 85' lang='grc' dir='ltr'><strong><em>τὸν</em></strong></span> <span class='ocrx_word' id='word_1_151' title='bbox 536 2251 1020 2340; x_wconf 80' lang='grc' dir='ltr'><strong><em>παρασκεύαζε,</em></strong></span> <span class='ocrx_word' id='word_1_152' title='bbox 1057 2256 1173 2320; x_wconf 82' lang='grc' dir='ltr'><strong><em>ἵνα</em></strong></span> <span class='ocrx_word' id='word_1_153' title='bbox 1207 2251 1301 2340; x_wconf 80' lang='grc' dir='ltr'><strong><em>μὴ</em></strong></span> <span class='ocrx_word' id='word_1_154' title='bbox 1337 2258 1829 2340; x_wconf 79' lang='grc' dir='ltr'><strong><em>καταφρονώσί</em></strong></span> <span class='ocrx_word' id='word_1_155' title='bbox 1859 2268 2019 2320; x_wconf 91' lang='grc' dir='ltr'><strong><em>σου·</em></strong></span> <span class='ocrx_word' id='word_1_156' title='bbox 2061 2265 2206 2330; x_wconf 82' lang='grc' dir='ltr'><strong><em>τοῖς</em></strong></span> <span class='ocrx_word' id='word_1_157' title='bbox 2243 2250 2325 2320; x_wconf 71' lang='grc' dir='ltr'><strong><em>δὲ</em></strong></span> 
     </span>
    </p>
   </div>
   <div class='ocr_carea' id='block_1_3' title="bbox 379 2372 2330 3663">
    <p class='ocr_par' dir='ltr' id='par_1_4' title="bbox 379 2372 2325 2583">
     <span class='ocr_line' id='line_1_21' title="bbox 519 2372 2325 2446; baseline 0 -15"><span class='ocrx_word' id='word_1_158' title='bbox 519 2385 545 2431; x_wconf 92' lang='lat'>1</span> <span class='ocrx_word' id='word_1_159' title='bbox 584 2372 906 2446; x_wconf 76' lang='grc' dir='ltr'><strong><em>ἇξιοθῆναι</em></strong></span> <span class='ocrx_word' id='word_1_160' title='bbox 952 2382 999 2428; x_wconf 89' lang='lat' dir='ltr'>V</span> <span class='ocrx_word' id='word_1_161' title='bbox 1170 2379 1425 2440; x_wconf 74' lang='grc' dir='ltr'><strong><em>αἴσωπος</em></strong></span> <span class='ocrx_word' id='word_1_162' title='bbox 1471 2418 1516 2433; x_wconf 90' lang='grc'><strong><em>..</em></strong></span> <span class='ocrx_word' id='word_1_163' title='bbox 1537 2416 1552 2431; x_wconf 88' lang='grc'><strong>.</strong></span> <span class='ocrx_word' id='word_1_164' title='bbox 1597 2377 1901 2446; x_wconf 76' lang='grc' dir='ltr'><strong><em>μέλλοντος</em></strong></span> <span class='ocrx_word' id='word_1_165' title='bbox 1936 2383 1970 2430; x_wconf 81' lang='lat'>4</span> <span class='ocrx_word' id='word_1_166' title='bbox 2004 2381 2057 2429; x_wconf 77' lang='lat' dir='ltr'><strong><em>in</em></strong></span> <span class='ocrx_word' id='word_1_167' title='bbox 2091 2383 2325 2446; x_wconf 70' lang='lat' dir='ltr'><strong><em>marqine</em></strong></span> 
     </span>
     <span class='ocr_line' id='line_1_22' title="bbox 379 2447 2159 2515; baseline 0 -16"><span class='ocrx_word' id='word_1_168' title='bbox 379 2450 632 2512; x_wconf 74' lang='lat' dir='ltr'><strong><em>inferiore</em></strong></span> <span class='ocrx_word' id='word_1_169' title='bbox 664 2452 923 2515; x_wconf 75' lang='lat' dir='ltr'><strong><em>suppleuit</em></strong></span> <span class='ocrx_word' id='word_1_170' title='bbox 956 2449 1004 2499; x_wconf 99' lang='lat' dir='ltr'>A</span> <span class='ocrx_word' id='word_1_171' title='bbox 1036 2465 1107 2503; x_wconf 89' lang='lat' dir='ltr'><strong><em>m.</em></strong></span> <span class='ocrx_word' id='word_1_172' title='bbox 1131 2462 1211 2512; x_wconf 86' lang='lat' dir='ltr'><strong><em>pr.</em></strong></span> <span class='ocrx_word' id='word_1_173' title='bbox 1366 2452 1397 2499; x_wconf 80' lang='lat'>2</span> <span class='ocrx_word' id='word_1_174' title='bbox 1434 2447 1753 2514; x_wconf 80' lang='grc' dir='ltr'><strong><em>μετατοῦτο</em></strong></span> <span class='ocrx_word' id='word_1_175' title='bbox 1789 2449 1845 2497; x_wconf 86' lang='grc' dir='ltr'>Μ</span> <span class='ocrx_word' id='word_1_176' title='bbox 1870 2447 1939 2507; x_wconf 86' lang='lat' dir='ltr'><strong><em>D,</em></strong></span> <span class='ocrx_word' id='word_1_177' title='bbox 1979 2464 2073 2499; x_wconf 87' lang='lat' dir='ltr'><strong><em>om.</em></strong></span> <span class='ocrx_word' id='word_1_178' title='bbox 2109 2448 2159 2499; x_wconf 99' lang='grc' dir='ltr'><strong><em>Φ</em></strong></span> 
     </span>
     <span class='ocr_line' id='line_1_23' title="bbox 382 2508 2319 2583; baseline -0.001 -16"><span class='ocrx_word' id='word_1_179' title='bbox 382 2508 819 2583; x_wconf 78' lang='grc' dir='ltr'><strong><em>ἇπεσκεβοὶσατο</em></strong></span> <span class='ocrx_word' id='word_1_180' title='bbox 852 2517 898 2566; x_wconf 89' lang='grc' dir='ltr'>Ρ</span> <span class='ocrx_word' id='word_1_181' title='bbox 1002 2520 1033 2568; x_wconf 91' lang='grc'><strong>3</strong></span> <span class='ocrx_word' id='word_1_182' title='bbox 1069 2510 1171 2569; x_wconf 85' lang='grc' dir='ltr'><strong><em>τὸν</em></strong></span> <span class='ocrx_word' id='word_1_183' title='bbox 1208 2511 1380 2568; x_wconf 81' lang='grc' dir='ltr'><strong><em>ἔννον</em></strong></span> <span class='ocrx_word' id='word_1_184' title='bbox 1411 2519 1552 2566; x_wconf 77' lang='lat' dir='ltr'><strong><em>intra</em></strong></span> <span class='ocrx_word' id='word_1_185' title='bbox 1576 2519 1738 2567; x_wconf 74' lang='lat' dir='ltr'><strong><em>Iineas</em></strong></span> <span class='ocrx_word' id='word_1_186' title='bbox 1759 2517 2018 2581; x_wconf 71' lang='lat' dir='ltr'><strong><em>suppleuit</em></strong></span> <span class='ocrx_word' id='word_1_187' title='bbox 2054 2514 2105 2563; x_wconf 92' lang='lat' dir='ltr'><strong>D</strong></span> <span class='ocrx_word' id='word_1_188' title='bbox 2140 2531 2210 2564; x_wconf 88' lang='lat' dir='ltr'><strong><em>m.</em></strong></span> <span class='ocrx_word' id='word_1_189' title='bbox 2236 2529 2319 2579; x_wconf 86' lang='lat' dir='ltr'><strong><em>pr.</em></strong></span> 
     </span>
    </p>

    <p class='ocr_par' dir='ltr' id='par_1_5' title="bbox 379 2574 2330 3663">
     <span class='ocr_line' id='line_1_24' title="bbox 549 2574 2325 2652; baseline -0.001 -16"><span class='ocrx_word' id='word_1_190' title='bbox 549 2588 585 2636; x_wconf 88' lang='lat'>4</span> <span class='ocrx_word' id='word_1_191' title='bbox 621 2580 928 2652; x_wconf 81' lang='grc' dir='ltr'><strong><em>συγνώμην</em></strong></span> <span class='ocrx_word' id='word_1_192' title='bbox 962 2584 1012 2634; x_wconf 91' lang='lat' dir='ltr'><strong>V</strong></span> <span class='ocrx_word' id='word_1_193' title='bbox 1184 2588 1215 2635; x_wconf 83' lang='lat'><strong>5</strong></span> <span class='ocrx_word' id='word_1_194' title='bbox 1252 2576 1549 2649; x_wconf 73' lang='grc' dir='ltr'><strong><em>ἐπομενὲις</em></strong></span> <span class='ocrx_word' id='word_1_195' title='bbox 1587 2584 1633 2633; x_wconf 91' lang='grc' dir='ltr'>Ρ</span> <span class='ocrx_word' id='word_1_196' title='bbox 1669 2576 1927 2649; x_wconf 76' lang='grc' dir='ltr'><strong><em>ἕπομὲνω</em></strong></span> <span class='ocrx_word' id='word_1_197' title='bbox 1961 2582 2009 2632; x_wconf 83' lang='grc' dir='ltr'><strong>Ε</strong></span> <span class='ocrx_word' id='word_1_198' title='bbox 2181 2574 2213 2635; x_wconf 84' lang='grc' dir='ltr'>ὁ</span> <span class='ocrx_word' id='word_1_199' title='bbox 2251 2600 2325 2634; x_wconf 75' lang='lat' dir='ltr'><strong><em>ex</em></strong></span> 
     </span>
     <span class='ocr_line' id='line_1_25' title="bbox 380 2645 2325 2719; baseline -0.002 -16"><span class='ocrx_word' id='word_1_200' title='bbox 380 2669 517 2706; x_wconf 82' lang='lat' dir='ltr'><strong><em>corr.</em></strong></span> <span class='ocrx_word' id='word_1_201' title='bbox 555 2654 597 2703; x_wconf 86' lang='lat' dir='ltr'>Z</span> <span class='ocrx_word' id='word_1_202' title='bbox 745 2649 876 2719; x_wconf 83' lang='grc' dir='ltr'><strong><em>τὴν]</em></strong></span> <span class='ocrx_word' id='word_1_203' title='bbox 916 2648 1017 2703; x_wconf 78' lang='grc' dir='ltr'><strong><em>καὶ</em></strong></span> <span class='ocrx_word' id='word_1_204' title='bbox 1054 2645 1161 2717; x_wconf 85' lang='grc' dir='ltr'><strong><em>τὴν</em></strong></span> <span class='ocrx_word' id='word_1_205' title='bbox 1198 2654 1246 2716; x_wconf 98' lang='lat' dir='ltr'>Q</span> <span class='ocrx_word' id='word_1_206' title='bbox 1385 2654 1416 2704; x_wconf 83' lang='lat'>8</span> <span class='ocrx_word' id='word_1_207' title='bbox 1454 2645 1692 2718; x_wconf 71' lang='grc' dir='ltr'><strong><em>χειμών]</em></strong></span> <span class='ocrx_word' id='word_1_208' title='bbox 1730 2645 1760 2702; x_wconf 87' lang='grc' dir='ltr'><em>ὃ</em></span> <span class='ocrx_word' id='word_1_209' title='bbox 1800 2646 2014 2717; x_wconf 77' lang='grc' dir='ltr'><strong><em>χειμών</em></strong></span> <span class='ocrx_word' id='word_1_210' title='bbox 2051 2651 2097 2712; x_wconf 89' lang='lat' dir='ltr'>Q</span> <span class='ocrx_word' id='word_1_211' title='bbox 2124 2651 2194 2717; x_wconf 89' lang='lat' dir='ltr'><strong><em>D,</em></strong></span> <span class='ocrx_word' id='word_1_212' title='bbox 2233 2650 2325 2712; x_wconf 87' lang='lat' dir='ltr'><strong><em>W,</em></strong></span> 
     </span>
     <span class='ocr_line' id='line_1_26' title="bbox 379 2711 2329 2787; baseline -0.001 -16"><span class='ocrx_word' id='word_1_213' title='bbox 379 2724 550 2773; x_wconf 68' lang='lat' dir='ltr'><strong><em>nescio</em></strong></span> <span class='ocrx_word' id='word_1_214' title='bbox 573 2738 642 2771; x_wconf 83' lang='lat' dir='ltr'><strong><em>an</em></strong></span> <span class='ocrx_word' id='word_1_215' title='bbox 663 2722 863 2771; x_wconf 60' lang='lat' dir='ltr'><strong><em>rectius</em></strong></span> <span class='ocrx_word' id='word_1_216' title='bbox 964 2723 997 2770; x_wconf 83' lang='lat'>9</span> <span class='ocrx_word' id='word_1_217' title='bbox 1031 2716 1410 2786; x_wconf 77' lang='grc' dir='ltr'><strong><em>πεμφθῆναι]</em></strong></span> <span class='ocrx_word' id='word_1_218' title='bbox 1451 2718 1777 2787; x_wconf 83' lang='grc' dir='ltr'><strong><em>(πεμφῆναι</em></strong></span> <span class='ocrx_word' id='word_1_219' title='bbox 1814 2716 1889 2782; x_wconf 85' lang='lat' dir='ltr'><strong><em>H)</em></strong></span> <span class='ocrx_word' id='word_1_220' title='bbox 1926 2717 2144 2769; x_wconf 78' lang='lat' dir='ltr'><strong><em>debebat</em></strong></span> <span class='ocrx_word' id='word_1_221' title='bbox 2175 2711 2329 2783; x_wconf 75' lang='grc' dir='ltr'><strong><em>πέμ·</em></strong></span> 
     </span>
     <span class='ocr_line' id='line_1_27' title="bbox 379 2778 2329 2852; baseline 0 -13"><span class='ocrx_word' id='word_1_222' title='bbox 379 2796 482 2852; x_wconf 77' lang='grc' dir='ltr'><strong><em>ψει</em></strong></span> <span class='ocrx_word' id='word_1_223' title='bbox 514 2792 598 2838; x_wconf 78' lang='lat' dir='ltr'><strong><em>uel</em></strong></span> <span class='ocrx_word' id='word_1_224' title='bbox 630 2795 770 2838; x_wconf 78' lang='lat' dir='ltr'><strong><em>certe</em></strong></span> <span class='ocrx_word' id='word_1_225' title='bbox 802 2783 1088 2851; x_wconf 77' lang='grc' dir='ltr'><strong><em>πέμψειεν</em></strong></span> <span class='ocrx_word' id='word_1_226' title='bbox 1121 2780 1211 2840; x_wconf 81' lang='grc' dir='ltr'><strong><em>ἄν.</em></strong></span> <span class='ocrx_word' id='word_1_227' title='bbox 1248 2804 1298 2837; x_wconf 78' lang='lat' dir='ltr'><strong><em>u.</em></strong></span> <span class='ocrx_word' id='word_1_228' title='bbox 1322 2789 1444 2847; x_wconf 80' lang='lat'>251,</span> <span class='ocrx_word' id='word_1_229' title='bbox 1465 2789 1525 2837; x_wconf 89' lang='lat'><strong><em>11</em></strong></span> <span class='ocrx_word' id='word_1_230' title='bbox 1650 2779 1788 2845; x_wconf 80' lang='grc' dir='ltr'><strong><em>τούς</em></strong></span> <span class='ocrx_word' id='word_1_231' title='bbox 1810 2783 1896 2852; x_wconf 87' lang='grc' dir='ltr'><strong><em>τε]</em></strong></span> <span class='ocrx_word' id='word_1_232' title='bbox 1935 2778 2162 2845; x_wconf 78' lang='grc' dir='ltr'><strong><em>τούτοις</em></strong></span> <span class='ocrx_word' id='word_1_233' title='bbox 2185 2778 2329 2847; x_wconf 76' lang='grc' dir='ltr'><strong><em>ταῦς</em></strong></span> 
     </span>
     <span class='ocr_line' id='line_1_28' title="bbox 381 2845 2329 2936; baseline 0 -30"><span class='ocrx_word' id='word_1_234' title='bbox 381 2870 443 2906; x_wconf 84' lang='grc' dir='ltr'><strong><em>τε</em></strong></span> <span class='ocrx_word' id='word_1_235' title='bbox 469 2855 515 2916; x_wconf 90' lang='lat' dir='ltr'>Q</span> <span class='ocrx_word' id='word_1_236' title='bbox 556 2845 768 2913; x_wconf 75' lang='grc' dir='ltr'><strong><em>αὐτούς</em></strong></span> <span class='ocrx_word' id='word_1_237' title='bbox 792 2869 854 2905; x_wconf 84' lang='grc' dir='ltr'><strong><em>τε</em></strong></span> <span class='ocrx_word' id='word_1_238' title='bbox 877 2855 926 2903; x_wconf 88' lang='lat' dir='ltr'><strong>R</strong></span> <span class='ocrx_word' id='word_1_239' title='bbox 941 2855 988 2904; x_wconf 88' lang='grc' dir='ltr'><strong>Ε</strong></span> <span class='ocrx_word' id='word_1_240' title='bbox 1007 2854 1064 2904; x_wconf 82' lang='grc' dir='ltr'><strong>Η</strong></span> <span class='ocrx_word' id='word_1_241' title='bbox 1153 2854 1375 2936; x_wconf 50' lang='grc' dir='ltr'><strong><em>πῦρριον</em></strong></span> <span class='ocrx_word' id='word_1_242' title='bbox 1397 2854 1448 2904; x_wconf 90' lang='grc' dir='ltr'><em>Ὺ</em></span> <span class='ocrx_word' id='word_1_243' title='bbox 1465 2854 1516 2903; x_wconf 92' lang='lat' dir='ltr'>D</span> <span class='ocrx_word' id='word_1_244' title='bbox 1535 2854 1583 2904; x_wconf 89' lang='lat' dir='ltr'>R</span> <span class='ocrx_word' id='word_1_245' title='bbox 1603 2855 1656 2905; x_wconf 92' lang='lat' dir='ltr'><strong>H</strong></span> <span class='ocrx_word' id='word_1_246' title='bbox 1677 2854 1723 2903; x_wconf 85' lang='lat' dir='ltr'><strong>E</strong></span> <span class='ocrx_word' id='word_1_247' title='bbox 1820 2845 2329 2932; x_wconf 62' lang='grc' dir='ltr'><strong><em>οἰκοδομήσαντας</em></strong></span> 
     </span>
     <span class='ocr_line' id='line_1_29' title="bbox 382 2914 2329 2989; baseline 0.001 -18"><span class='ocrx_word' id='word_1_248' title='bbox 382 2922 434 2971; x_wconf 93' lang='lat' dir='ltr'>D</span> <span class='ocrx_word' id='word_1_249' title='bbox 456 2921 501 2971; x_wconf 93' lang='lat' dir='ltr'>P</span> <span class='ocrx_word' id='word_1_250' title='bbox 525 2922 577 2970; x_wconf 88' lang='lat' dir='ltr'>K</span> <span class='ocrx_word' id='word_1_251' title='bbox 717 2924 780 2972; x_wconf 90' lang='lat'><strong><em>10</em></strong></span> <span class='ocrx_word' id='word_1_252' title='bbox 814 2918 919 2972; x_wconf 76' lang='grc' dir='ltr'><strong><em>καὶ</em></strong></span> <span class='ocrx_word' id='word_1_253' title='bbox 954 2921 1031 2972; x_wconf 75' lang='lat' dir='ltr'><strong><em>bis</em></strong></span> <span class='ocrx_word' id='word_1_254' title='bbox 1064 2921 1106 2971; x_wconf 91' lang='lat' dir='ltr'>Z</span> <span class='ocrx_word' id='word_1_255' title='bbox 1244 2918 1707 2987; x_wconf 83' lang='grc' dir='ltr'><strong><em>αποκρινόμενον</em></strong></span> <span class='ocrx_word' id='word_1_256' title='bbox 1737 2922 1789 2972; x_wconf 91' lang='lat' dir='ltr'>D</span> <span class='ocrx_word' id='word_1_257' title='bbox 1825 2914 2329 2989; x_wconf 74' lang='grc' dir='ltr'><strong><em>ἀποκρίνουμενον</em></strong></span> 
     </span>
     <span class='ocr_line' id='line_1_30' title="bbox 380 2981 2328 3067; baseline 0.001 -28"><span class='ocrx_word' id='word_1_258' title='bbox 380 2991 477 3039; x_wconf 79' lang='lat' dir='ltr'><strong><em>sed</em></strong></span> <span class='ocrx_word' id='word_1_259' title='bbox 507 3002 657 3050; x_wconf 82' lang='grc' dir='ltr'><strong><em>ποκρ</em></strong></span> <span class='ocrx_word' id='word_1_260' title='bbox 694 3004 723 3039; x_wconf 89' lang='lat' dir='ltr'><strong><em>e</em></strong></span> <span class='ocrx_word' id='word_1_261' title='bbox 757 3004 897 3043; x_wconf 78' lang='lat' dir='ltr'><em>corr.</em></span> <span class='ocrx_word' id='word_1_262' title='bbox 932 2988 974 3038; x_wconf 91' lang='lat' dir='ltr'>Z</span> <span class='ocrx_word' id='word_1_263' title='bbox 1095 3006 1250 3056; x_wconf 86' lang='grc' dir='ltr'><strong><em>πρως</em></strong></span> <span class='ocrx_word' id='word_1_264' title='bbox 1285 2985 1356 3041; x_wconf 76' lang='grc' dir='ltr'><strong><em>τὰ</em></strong></span> <span class='ocrx_word' id='word_1_265' title='bbox 1393 2990 1439 3039; x_wconf 89' lang='grc' dir='ltr'>Ρ</span> <span class='ocrx_word' id='word_1_266' title='bbox 1561 2981 1898 3054; x_wconf 67' lang='grc' dir='ltr'><strong><em>ἐρωτώμενα</em></strong></span> <span class='ocrx_word' id='word_1_267' title='bbox 1931 2989 1982 3039; x_wconf 91' lang='grc' dir='ltr'><em>Ὺ</em></span> <span class='ocrx_word' id='word_1_268' title='bbox 2007 2989 2054 3067; x_wconf 91' lang='lat' dir='ltr'>Q</span> <span class='ocrx_word' id='word_1_269' title='bbox 2080 2989 2156 3040; x_wconf 75' lang='lat' dir='ltr'><strong><em>E:</em></strong></span> <span class='ocrx_word' id='word_1_270' title='bbox 2195 2983 2328 3042; x_wconf 81' lang='grc' dir='ltr'><strong><em>ἒπε-</em></strong></span> 
     </span>
     <span class='ocr_line' id='line_1_31' title="bbox 382 3042 2329 3135; baseline 0.001 -29"><span class='ocrx_word' id='word_1_271' title='bbox 382 3047 690 3121; x_wconf 88' lang='grc' dir='ltr'><strong><em>ρωτώμενα</em></strong></span> <span class='ocrx_word' id='word_1_272' title='bbox 726 3057 782 3105; x_wconf 92' lang='grc' dir='ltr'><strong>Μ</strong></span> <span class='ocrx_word' id='word_1_273' title='bbox 808 3056 857 3106; x_wconf 88' lang='grc' dir='ltr'><strong><em>Φ</em></strong></span> <span class='ocrx_word' id='word_1_274' title='bbox 879 3056 951 3121; x_wconf 88' lang='lat' dir='ltr'><strong><em>D,</em></strong></span> <span class='ocrx_word' id='word_1_275' title='bbox 990 3057 1038 3107; x_wconf 89' lang='lat' dir='ltr'>R</span> <span class='ocrx_word' id='word_1_276' title='bbox 1075 3059 1122 3121; x_wconf 92' lang='lat'><strong><em>(.</em></strong></span> <span class='ocrx_word' id='word_1_277' title='bbox 1144 3053 1358 3123; x_wconf 83' lang='grc' dir='ltr'><strong><em>,με’να),</em></strong></span> <span class='ocrx_word' id='word_1_278' title='bbox 1395 3059 1450 3108; x_wconf 90' lang='grc' dir='ltr'><strong>Η</strong></span> <span class='ocrx_word' id='word_1_279' title='bbox 1475 3058 1527 3107; x_wconf 88' lang='lat' dir='ltr'><strong>K</strong></span> <span class='ocrx_word' id='word_1_280' title='bbox 1549 3058 1591 3107; x_wconf 87' lang='lat' dir='ltr'>Z</span> <span class='ocrx_word' id='word_1_281' title='bbox 1613 3073 1650 3107; x_wconf 83' lang='lat' dir='ltr'><strong>v</strong></span> <span class='ocrx_word' id='word_1_282' title='bbox 1754 3059 1816 3107; x_wconf 89' lang='lat'><strong><em>11</em></strong></span> <span class='ocrx_word' id='word_1_283' title='bbox 1854 3042 1995 3135; x_wconf 58' lang='grc' dir='ltr'><strong><em>οὖνΙ</em></strong></span> <span class='ocrx_word' id='word_1_284' title='bbox 2011 3074 2086 3109; x_wconf 84' lang='grc' dir='ltr'><strong><em>υν</em></strong></span> <span class='ocrx_word' id='word_1_285' title='bbox 2120 3058 2166 3108; x_wconf 89' lang='lat' dir='ltr'>P</span> <span class='ocrx_word' id='word_1_286' title='bbox 2198 3071 2329 3122; x_wconf 70' lang='lat' dir='ltr'><strong><em>spa·</em></strong></span> 
     </span>
     <span class='ocr_line' id='line_1_32' title="bbox 382 3118 2330 3192; baseline 0.002 -21"><span class='ocrx_word' id='word_1_287' title='bbox 382 3126 456 3173; x_wconf 77' lang='lat' dir='ltr'><strong><em>tio</em></strong></span> <span class='ocrx_word' id='word_1_288' title='bbox 491 3124 640 3173; x_wconf 71' lang='lat' dir='ltr'><em>um&#39;us</em></span> <span class='ocrx_word' id='word_1_289' title='bbox 673 3125 879 3175; x_wconf 75' lang='lat' dir='ltr'><strong><em>litterae</em></strong></span> <span class='ocrx_word' id='word_1_290' title='bbox 914 3141 1075 3176; x_wconf 84' lang='lat' dir='ltr'><em>uacuo</em></span> <span class='ocrx_word' id='word_1_291' title='bbox 1172 3161 1184 3165; x_wconf 96' lang='lat'><em>-</em></span> <span class='ocrx_word' id='word_1_292' title='bbox 1212 3118 1352 3185; x_wconf 75' lang='grc' dir='ltr'><strong><em>τοὺς</em></strong></span> <span class='ocrx_word' id='word_1_293' title='bbox 1387 3119 1519 3192; x_wconf 72' lang='grc' dir='ltr'><strong><em>μὲν]</em></strong></span> <span class='ocrx_word' id='word_1_294' title='bbox 1568 3120 1703 3186; x_wconf 72' lang='grc' dir='ltr'><strong><em>τοὺς</em></strong></span> <span class='ocrx_word' id='word_1_295' title='bbox 1748 3119 1858 3189; x_wconf 69' lang='grc' dir='ltr'><strong><em>μὲν</em></strong></span> <span class='ocrx_word' id='word_1_296' title='bbox 1890 3141 2034 3185; x_wconf 87' lang='grc' dir='ltr'><strong><em>τους</em></strong></span> <span class='ocrx_word' id='word_1_297' title='bbox 2068 3124 2117 3175; x_wconf 85' lang='lat' dir='ltr'>A</span> <span class='ocrx_word' id='word_1_298' title='bbox 2161 3124 2330 3189; x_wconf 80' lang='lat' dir='ltr'><strong><em>(uole-</em></strong></span> 
     </span>
     <span class='ocr_line' id='line_1_33' title="bbox 382 3183 2157 3275; baseline 0.002 -35"><span class='ocrx_word' id='word_1_299' title='bbox 382 3191 544 3269; x_wconf 59' lang='lat' dir='ltr'><strong><em>bazae,</em></strong></span> <span class='ocrx_word' id='word_1_300' title='bbox 578 3187 842 3256; x_wconf 66' lang='grc' dir='ltr'><strong><em>μέντοιῗ)</em></strong></span> <span class='ocrx_word' id='word_1_301' title='bbox 1016 3194 1080 3243; x_wconf 80' lang='lat'><strong><em>12</em></strong></span> <span class='ocrx_word' id='word_1_302' title='bbox 1127 3185 1375 3259; x_wconf 74' lang='grc' dir='ltr'><strong><em>ἐξοῗρχῆς</em></strong></span> <span class='ocrx_word' id='word_1_303' title='bbox 1417 3192 1563 3271; x_wconf 62' lang='lat' dir='ltr'><strong><em>M.Q</em></strong></span> <span class='ocrx_word' id='word_1_304' title='bbox 1595 3194 1667 3244; x_wconf 80' lang='lat' dir='ltr'><strong><em>E:</em></strong></span> <span class='ocrx_word' id='word_1_305' title='bbox 1713 3183 1958 3275; x_wconf 54' lang='lat' dir='ltr'><strong><em>bgoepxfic</em></strong></span> <span class='ocrx_word' id='word_1_306' title='bbox 1992 3195 2157 3244; x_wconf 76' lang='lat' dir='ltr'><strong><em>ceteri</em></strong></span> 
     </span>
     <span class='ocr_line' id='line_1_34' title="bbox 385 3251 2325 3331; baseline 0.002 -23"><span class='ocrx_word' id='word_1_307' title='bbox 385 3260 449 3309; x_wconf 84' lang='lat'><strong><em>14</em></strong></span> <span class='ocrx_word' id='word_1_308' title='bbox 486 3256 524 3309; x_wconf 83' lang='grc' dir='ltr'><strong><em>δ</em></strong></span> <span class='ocrx_word' id='word_1_309' title='bbox 585 3257 635 3308; x_wconf 99' lang='grc' dir='ltr'><strong><em>Φ</em></strong></span> <span class='ocrx_word' id='word_1_310' title='bbox 662 3258 703 3308; x_wconf 91' lang='grc' dir='ltr'><strong>Ζ</strong></span> <span class='ocrx_word' id='word_1_311' title='bbox 875 3251 1055 3326; x_wconf 78' lang='grc' dir='ltr'><strong><em>ἅηδες</em></strong></span> <span class='ocrx_word' id='word_1_312' title='bbox 1100 3260 1141 3310; x_wconf 93' lang='grc' dir='ltr'><strong>Ζ</strong></span> <span class='ocrx_word' id='word_1_313' title='bbox 1317 3263 1380 3312; x_wconf 83' lang='lat'><strong><em>15</em></strong></span> <span class='ocrx_word' id='word_1_314' title='bbox 1426 3256 1631 3328; x_wconf 82' lang='grc' dir='ltr'><strong><em>αυτον]</em></strong></span> <span class='ocrx_word' id='word_1_315' title='bbox 1682 3261 1845 3331; x_wconf 73' lang='grc' dir='ltr'><strong><em>αυτῷ</em></strong></span> <span class='ocrx_word' id='word_1_316' title='bbox 1881 3260 1933 3310; x_wconf 93' lang='grc' dir='ltr'><em>Ὺ</em></span> <span class='ocrx_word' id='word_1_317' title='bbox 1963 3260 2011 3310; x_wconf 86' lang='grc' dir='ltr'>Ε</span> <span class='ocrx_word' id='word_1_318' title='bbox 2184 3255 2325 3331; x_wconf 74' lang='grc' dir='ltr'><strong><em>υἱῷ]</em></strong></span> 
     </span>
     <span class='ocr_line' id='line_1_35' title="bbox 381 3317 2188 3396; baseline 0.002 -20"><span class='ocrx_word' id='word_1_319' title='bbox 381 3317 515 3377; x_wconf 83' lang='grc' dir='ltr'><strong><em>νῖὀν</em></strong></span> <span class='ocrx_word' id='word_1_320' title='bbox 551 3326 598 3378; x_wconf 90' lang='grc' dir='ltr'><strong><em>Φ</em></strong></span> <span class='ocrx_word' id='word_1_321' title='bbox 735 3322 952 3379; x_wconf 76' lang='grc' dir='ltr'><strong><em>πάλλιν</em></strong></span> <span class='ocrx_word' id='word_1_322' title='bbox 987 3328 1033 3377; x_wconf 98' lang='grc' dir='ltr'>Ρ</span> <span class='ocrx_word' id='word_1_323' title='bbox 1171 3321 1440 3394; x_wconf 71' lang='grc' dir='ltr'><strong><em>προσχὼν</em></strong></span> <span class='ocrx_word' id='word_1_324' title='bbox 1475 3328 1598 3380; x_wconf 66' lang='lat' dir='ltr'><strong><em>libri</em></strong></span> <span class='ocrx_word' id='word_1_325' title='bbox 1742 3330 1806 3380; x_wconf 82' lang='lat'><strong><em>16</em></strong></span> <span class='ocrx_word' id='word_1_326' title='bbox 1841 3318 2105 3396; x_wconf 74' lang='grc' dir='ltr'><strong><em>ὑπετέθη</em></strong></span> <span class='ocrx_word' id='word_1_327' title='bbox 2142 3329 2188 3379; x_wconf 89' lang='grc' dir='ltr'>Ρ</span> 
     </span>
     <span class='ocr_line' id='line_1_36' title="bbox 387 3387 2327 3460; baseline 0.003 -17"><span class='ocrx_word' id='word_1_328' title='bbox 387 3397 450 3444; x_wconf 83' lang='grc'><strong><em>17</em></strong></span> <span class='ocrx_word' id='word_1_329' title='bbox 484 3393 827 3460; x_wconf 80' lang='grc' dir='ltr'><strong><em>παραίνεσις</em></strong></span> <span class='ocrx_word' id='word_1_330' title='bbox 864 3387 1124 3447; x_wconf 84' lang='grc' dir='ltr'><strong><em>αἰσώπου</em></strong></span> <span class='ocrx_word' id='word_1_331' title='bbox 1159 3397 1205 3446; x_wconf 92' lang='grc' dir='ltr'>Ρ</span> <span class='ocrx_word' id='word_1_332' title='bbox 1240 3396 1417 3447; x_wconf 81' lang='lat' dir='ltr'><strong><em>rubro.</em></strong></span> <span class='ocrx_word' id='word_1_333' title='bbox 1446 3398 1563 3447; x_wconf 77' lang='lat' dir='ltr'><strong><em>uide</em></strong></span> <span class='ocrx_word' id='word_1_334' title='bbox 1587 3399 2046 3449; x_wconf 73' lang='lat' dir='ltr'><strong><em>commentationem</em></strong></span> <span class='ocrx_word' id='word_1_335' title='bbox 2153 3398 2218 3448; x_wconf 89' lang='lat'><strong><em>18</em></strong></span> <span class='ocrx_word' id='word_1_336' title='bbox 2257 3391 2327 3448; x_wconf 74' lang='grc' dir='ltr'><strong><em>δὲ</em></strong></span> 
     </span>
     <span class='ocr_line' id='line_1_37' title="bbox 384 3458 2328 3530; baseline 0.002 -18"><span class='ocrx_word' id='word_1_337' title='bbox 384 3461 525 3525; x_wconf 85' lang='grc' dir='ltr'><strong><em>τίμα</em></strong></span> <span class='ocrx_word' id='word_1_338' title='bbox 555 3478 651 3515; x_wconf 87' lang='lat' dir='ltr'><strong><em>om.</em></strong></span> <span class='ocrx_word' id='word_1_339' title='bbox 686 3463 753 3528; x_wconf 90' lang='lat' dir='ltr'><strong><em>A,</em></strong></span> <span class='ocrx_word' id='word_1_340' title='bbox 795 3459 863 3515; x_wconf 70' lang='grc' dir='ltr'><strong><em>δὲ</em></strong></span> <span class='ocrx_word' id='word_1_341' title='bbox 902 3480 995 3515; x_wconf 87' lang='lat' dir='ltr'><strong><em>om.</em></strong></span> <span class='ocrx_word' id='word_1_342' title='bbox 1035 3464 1079 3512; x_wconf 92' lang='lat' dir='ltr'>P</span> <span class='ocrx_word' id='word_1_343' title='bbox 1210 3466 1337 3523; x_wconf 79' lang='grc' dir='ltr'><strong><em>τοῖς</em></strong></span> <span class='ocrx_word' id='word_1_344' title='bbox 1373 3480 1444 3514; x_wconf 75' lang='lat' dir='ltr'><strong><em>ex</em></strong></span> <span class='ocrx_word' id='word_1_345' title='bbox 1478 3458 1613 3524; x_wconf 76' lang='grc' dir='ltr'><strong><em>τοὺς</em></strong></span> <span class='ocrx_word' id='word_1_346' title='bbox 1648 3481 1785 3516; x_wconf 82' lang='lat' dir='ltr'><strong><em>corr.</em></strong></span> <span class='ocrx_word' id='word_1_347' title='bbox 1821 3464 1872 3514; x_wconf 97' lang='lat' dir='ltr'>D</span> <span class='ocrx_word' id='word_1_348' title='bbox 1999 3458 2108 3530; x_wconf 72' lang='grc' dir='ltr'><strong><em>μὲν</em></strong></span> <span class='ocrx_word' id='word_1_349' title='bbox 2145 3480 2240 3516; x_wconf 88' lang='lat' dir='ltr'><strong><em>om.</em></strong></span> <span class='ocrx_word' id='word_1_350' title='bbox 2277 3465 2328 3515; x_wconf 82' lang='lat' dir='ltr'><strong>R</strong></span> 
     </span>
     <span class='ocr_line' id='line_1_38' title="bbox 384 3522 2329 3600; baseline 0.002 -21"><span class='ocrx_word' id='word_1_351' title='bbox 384 3541 487 3580; x_wconf 90' lang='grc' dir='ltr'><strong><em>σου</em></strong></span> <span class='ocrx_word' id='word_1_352' title='bbox 530 3546 625 3596; x_wconf 76' lang='lat' dir='ltr'><strong><em>qm.</em></strong></span> <span class='ocrx_word' id='word_1_353' title='bbox 677 3531 760 3580; x_wconf 58' lang='lat' dir='ltr'><strong><em>&lt;v</em></strong></span> <span class='ocrx_word' id='word_1_354' title='bbox 898 3522 1147 3582; x_wconf 71' lang='grc' dir='ltr'><strong><em>σέαυτόν</em></strong></span> <span class='ocrx_word' id='word_1_355' title='bbox 1180 3531 1224 3579; x_wconf 90' lang='grc' dir='ltr'>Ρ</span> <span class='ocrx_word' id='word_1_356' title='bbox 1271 3525 1487 3582; x_wconf 87' lang='grc' dir='ltr'><strong><em>σαυτὸν</em></strong></span> <span class='ocrx_word' id='word_1_357' title='bbox 1521 3532 1569 3582; x_wconf 99' lang='lat' dir='ltr'>A</span> <span class='ocrx_word' id='word_1_358' title='bbox 1742 3536 1804 3584; x_wconf 84' lang='lat'><strong><em>19</em></strong></span> <span class='ocrx_word' id='word_1_359' title='bbox 1849 3522 2240 3600; x_wconf 74' lang='grc' dir='ltr'><strong><em>παρεσκεύαζε</em></strong></span> <span class='ocrx_word' id='word_1_360' title='bbox 2276 3532 2329 3582; x_wconf 91' lang='grc' dir='ltr'><em>Ὺ</em></span> 
     </span>
     <span class='ocr_line' id='line_1_39' title="bbox 381 3590 1522 3663; baseline 0.004 -18"><span class='ocrx_word' id='word_1_361' title='bbox 381 3590 820 3660; x_wconf 80' lang='grc' dir='ltr'><strong><em>παρασκεύασαι</em></strong></span> <span class='ocrx_word' id='word_1_362' title='bbox 858 3598 906 3649; x_wconf 88' lang='grc' dir='ltr'><strong><em>Φ</em></strong></span> <span class='ocrx_word' id='word_1_363' title='bbox 1044 3596 1441 3663; x_wconf 82' lang='grc' dir='ltr'><strong><em>καταρρονῶσί</em></strong></span> <span class='ocrx_word' id='word_1_364' title='bbox 1471 3599 1522 3649; x_wconf 95' lang='lat' dir='ltr'>D</span> 
     </span>
    </p>
   </div>
  </div>
 </body>
</html>
