2563 4087
378 252 502 317 258
1197 253 1445 321 Aesopus
1478 256 1507 306 I

379 421 616 500 λασον,
664 414 777 481 καὶ
814 409 942 480 οὐκ
976 410 1475 502 ἀναχωρήσειεν
1511 410 1626 499 ἄν,
1676 409 1820 482 ἀλλ’
1862 415 2339 501 ἐπιλαθομένη

379 514 682 599 πάντων,
729 511 977 582 αὐτίκα
1026 513 1463 602 φιλοφρόνως
1511 522 1728 585 σαίνει
1763 515 1878 582 καὶ
1927 512 2064 583 σύν
2097 515 2339 602 χάριτι

380 618 500 684 τὸν
537 614 890 702 δεσπότην.
967 619 1099 684 ἔδει
1134 635 1208 683 σε
1245 605 1374 683 οὖν
1410 622 1657 702 εἰπεῖν,
1693 617 2014 703 δέσποτα,
2061 621 2150 704 τῇ
2187 644 2329 703 γυ-

380 717 560 786 ναικὶ
606 715 727 796 τὰς
771 719 1054 805 μερίδας
1100 723 1400 805 κομίσαι,
1460 719 1576 786 καὶ
1624 717 1716 805 μὴ
1764 718 1848 805 τῇ
1900 715 2335 807 εὐνοούσῃ.66

328 820 495 887 ὁκαὶ
554 816 591 885 ὁ
638 816 941 897 Ξάνθος
1008 815 1247 907 ,,ὁρᾷς,
1303 845 1357 886 ω
1410 825 1644 907 κυρία,
1697 845 1792 897 ως
1846 816 1975 886 οὐκ
2031 819 2198 906 ἐμὸν
2249 821 2336 890 τὸ

382 918 766 1007 ἁμάρτημα,
793 915 966 988 ἀλλα
994 920 1116 988 τοῦ
1145 925 1575 1006 κομίσαντος;
1605 919 1908 1006 ἀνάσχου
1927 926 2337 1010 τοιγαροῦν,

383 1021 496 1088 καὶ
545 1018 673 1089 οὐκ
709 1018 1033 1108 ἀπορήσω
1070 1019 1501 1108 προφάσεως,
1549 1020 1640 1089 δι’
1693 1016 1780 1108 ἣν
1826 1019 2042 1091 αὐτὸν
2077 1042 2332 1109 μαστι-

381 1121 651 1209 γώσωίι.
739 1125 857 1208 τῆς
903 1121 981 1190 δὲ
1026 1122 1118 1209 μὴ
1169 1123 1599 1209 πειθομένης,
1649 1121 1822 1192 ἀλλὰ
1872 1123 2098 1212 λάθρα
2147 1124 2336 1213 πρὸς

380 1223 542 1304 τούς
582 1226 823 1310 ἑαυτῆς
871 1238 1097 1309 γονεῖς
1131 1221 1691 1313 ἀποχωρησάσης,
1741 1231 2062 1304 Αἴσωπος
2098 1223 2333 1294 εἶπεν·

304 1351 357 1391 ιο
385 1324 563 1412 ,,οὐκ
599 1324 826 1412 ὀρθῶς
863 1322 1080 1411 εἷπον,
1121 1314 1174 1392 ὦ
1212 1326 1528 1411 δέσποτα,
1568 1324 1660 1405 ὦς
1696 1324 1739 1413 ἡ
1775 1324 1969 1394 κύων
2004 1345 2111 1395 σοι
2143 1329 2336 1414 μᾶλ-

383 1435 505 1494 λον
541 1424 791 1511 εὐνοεῖ,
826 1427 941 1494 καὶ
971 1424 1096 1513 οὐχ
1124 1424 1167 1514 ἡ
1193 1425 1320 1513 ἐμὴ
1354 1428 1676 1496 δέσποινα
1692 1423 1760 1510 ;“
1807 1425 2075 1517 ἡμερῶν
2108 1430 2337 1496 δέτι-

380 1555 522 1597 νων
574 1529 1096 1618 παρῳχηκυιῶν,
1153 1528 1269 1595 καὶ
1317 1529 1436 1615 τῆς
1483 1527 1807 1613 γυναικὸς
1861 1526 2333 1600 ἀδιαλλάκτου

381 1628 744 1716 μενούσης,
794 1628 908 1695 καὶ
942 1630 1064 1697 τοῦ
1102 1628 1386 1708 Ξάνθου
1422 1632 1561 1698 τῶν
1611 1629 2095 1719 προσηκόντων
2127 1632 2336 1711 τινὰς

385 1727 476 1809 ὥς
526 1727 745 1817 αὐτὴν
796 1726 888 1808 ὥς
936 1724 1024 1796 ἂν
1072 1727 1562 1819 ὑποστρέψειεν
1610 1735 1843 1803 οἴκαδε
1901 1733 2332 1821 πέμψαντος,

306 1854 357 1894 15
383 1833 500 1917 τῆς
550 1829 626 1900 δὲ
674 1830 763 1919 μὴ
809 1827 1114 1900 ὑπείκειν
1164 1831 1528 1920 θελούσης,
1573 1834 1690 1901 καὶ
1735 1834 1859 1902 τοῦ
1895 1832 2179 1912 Ξάνθου
2226 1832 2331 1903 δι’

384 1931 602 2021 αὐτὴν
642 1940 740 2014 εἰς
795 1929 1104 2020 ἀθυμίαν
1143 1931 1495 2021 πεσόντος,
1552 1943 1873 2014 Αἴσωπος
1912 1932 2102 2025 αὐτῷ
2149 1959 2330 2025 προ-

385 2034 665 2120 σελθῶν
700 2054 890 2123 φησι·
955 2034 1092 2123 ,,μὴ
1139 2032 1332 2122 ἀνιῶ,
1380 2037 1693 2105 δέσποτα.
1769 2035 1900 2123 ἐγώ
1935 2035 2069 2125 γὰρ
2104 2034 2333 2125 αὐτὴν

386 2135 626 2225 αὔριον
671 2135 857 2224 ἥκειν
902 2135 1327 2224 αὐθαίρετον
1366 2138 1483 2208 καὶ
1548 2135 2027 2226 άπαράκλητον
2087 2138 2331 2226 δράσω

385 2237 556 2325 πρὸς
593 2238 734 2306 σε’.“
800 2237 913 2306 καὶ
940 2237 1172 2325 λαβών
1199 2239 1439 2327 κέρμα,
1474 2239 1646 2327 πρὸς
1679 2238 1806 2327 τὴν
1840 2237 2102 2328 ἀγορὰν
2127 2231 2334 2327 ἦλθε,

522 2505 550 2552 1
596 2492 960 2582 αναχωρήσοι
1005 2490 1152 2553 ἔν’“
1111 2518 1187 2552 αν
1231 2502 1277 2552 Ρ
1450 2504 1480 2553 2
1518 2496 1875 2582 φιλοφρόνος
1911 2505 1956 2557 Ρ
1991 2520 2176 2556 errore
2210 2504 2333 2584 fre·

385 2572 560 2650 quenti
688 2577 811 2637 post
848 2560 1061 2621 αὐτίκα
1097 2571 1359 2636 distinqui!
1395 2569 1449 2649 Q
1582 2584 1691 2622 συν
1728 2563 1921 2649 χάριτι
1955 2567 2144 2648 τρέχει
2179 2567 2331 2638 πρὸς

383 2631 485 2690 τὸν
524 2635 577 2689 δ.
616 2634 663 2690 Ε
798 2639 833 2688 4
866 2631 1108 2703 κόμισον
1144 2638 1184 2686 Ζ
1210 2638 1261 2687 Κ
1283 2653 1335 2692 v.
1334 2630 1614 2718 κόμισαι
1651 2638 1697 2700 Q
1835 2631 1945 2720 μὴ]
1984 2628 2116 2703 οὐχὶ
2152 2639 2198 2690 Ρ

384 2707 417 2757 5
452 2724 496 2757 ω
521 2705 599 2756 V:
637 2723 731 2758 om.
761 2709 924 2757 ceteri
1026 2708 1058 2757 6
1083 2692 1396 2772 τοιγαροῦν
1429 2706 1471 2755 Ζ
1493 2705 1546 2755 H
1582 2697 1782 2785 τοιγάρ
1822 2692 1929 2759 οὖν
1952 2707 2015 2767 Ρ,
2054 2707 2102 2769 Q
2135 2710 2331 2773 primo,

383 2776 479 2825 sed
512 2776 612 2823 iam
645 2781 856 2826 accentu
892 2780 943 2825 et
976 2774 1165 2856 spiritu
1199 2776 1371 2824 erasis
1491 2774 1521 2823 ⁷
1560 2764 1718 2825 αύτῶ
1751 2772 2010 2840 μαστιγῶ
2045 2787 2125 2824 σω
2158 2775 2205 2826 Ρ

384 2842 416 2890 8
454 2833 650 2921 λάθρᾳ
683 2857 717 2891 a
854 2843 886 2892 9
920 2855 1056 2901 τους
1091 2843 1233 2892 intra
1266 2843 1430 2893 lineas
1462 2844 1719 2906 suppleuit
1753 2840 1800 2903 Q
1826 2845 1858 2891 2
1985 2833 2232 2921 ἕαυτοῦς
2267 2842 2327 2893 Η

387 2910 451 2958 10
486 2894 552 2985 ὦ]
592 2921 681 2958 σοι
719 2907 767 2958 Φ
874 2910 932 2958 11
971 2905 1073 2961 καὶ
1108 2925 1246 2960 corr.
1285 2925 1356 2960 ex
1389 2906 1491 2961 ναὶ
1525 2910 1571 2960 Ρ
1606 2925 1676 2958 m.
1715 2924 1798 2987 pr.
1901 2897 2029 2974 0622
2053 2900 2091 2975 ἦ
2119 2901 2251 2975 ἐμοὶ
2276 2911 2332 2972 Q

385 2966 530 3055 οὖχῆ
579 2966 685 3041 ἐμῆ
733 2977 794 3026 Ρ.
842 2965 995 3056 ςοῦί
1039 2978 1087 3029 E
1121 2975 1203 3040 H)
1382 2978 1443 3027 12
1486 2968 1912 3055 παρωχηκότων
1955 2976 2005 3027 V
2054 2993 2334 3043 παρωχη·

384 3037 540 3094 κύων
574 3042 623 3092 Ε
646 3041 703 3092 Η
829 2992 1193 3096 αδιαλάκτου
1227 3045 1278 3093 V
1300 3044 1346 3106 Q
1372 3044 1424 3094 D
1553 3047 1616 3096 13
1651 3036 1951 3123 τοξάνθου
1984 3044 2031 3095 Ρ
2126 3059 2330 3125 προσ-

387 3100 665 3162 οικόντων
699 3110 734 3160 b
772 3112 904 3162 1530
1043 3113 1107 3162 14
1141 3103 1239 3178 ὡς]
1280 3112 1334 3163 Κ
1368 3114 1422 3162 in
1456 3116 1686 3178 margine
1720 3105 1867 3178 πρὸς
2002 3104 2079 3171 ὥς
2114 3127 2192 3164 αν
2227 3129 2328 3164 om.

384 3179 459 3238 D3
497 3185 803 3229 structuram
837 3181 890 3229 in
923 3178 1019 3230 Ιιοο
1051 3181 1311 3243 scriptore
1353 3181 1458 3232 noli
1490 3181 1762 3231 emendare
1898 3170 2336 3259 ὑποστρέφοιεν

385 3246 431 3296 Ε
456 3244 512 3296 H
555 3238 931 3323 ὑποστρέφει
940 3237 1212 3299 ἐνοίκαδε
1246 3246 1294 3297 Ρ
1434 3249 1498 3299 15
1542 3238 1793 3313 ὖπεικὴν
1824 3246 1871 3297 Ρ
1913 3239 2166 3313 ὑπήκειν
2198 3248 2249 3299 E
2274 3248 2331 3299 Η

555 3314 685 3366 ordo
729 3331 811 3368 uu.
858 3305 936 3379 μὴ
975 3306 1030 3366 ὖ.
1075 3308 1207 3368 θελ.
1254 3330 1356 3365 non
1396 3323 1476 3366 ese
1507 3316 1860 3367 sollicitandus
2033 3316 2097 3366 16
2133 3306 2334 3380 αὐτὴν

384 3399 523 3436 corr.
560 3399 631 3434 ex
667 3371 848 3448 αὐτῆς
883 3382 929 3444 Q
968 3398 1037 3434 m.
1063 3398 1144 3447 pr.
1280 3375 1623 3449 προσελθών
1662 3372 1820 3435 αὖτῶ
1853 3382 1908 3433 Η
1933 3383 1978 3432 Ε
2003 3383 2056 3432 K
2078 3382 2118 3430 Z
2142 3398 2180 3431 v

2016 3464 2077 3500 αι

390 3519 452 3569 18
490 3506 790 3570 ἀνιᾶΕΗ
893 3506 1042 3582 αὕτη
1022 3508 1107 3584 ν]
1146 3534 1179 3568 τ
1286 3517 1360 3635 Dv
1377 3511 1464 3578 εἰς
1501 3535 1569 3585 τη
1573 3536 1609 3572 ν
1645 3518 1693 3569 Φ
1814 3519 1878 3570 18
1916 3509 2244 3579 αυθέρετον
2281 3518 2334 3582 Q

548 3575 994 3651 ἀπαράλλακτον
1007 3535 1077 3633 ῃΕ
1103 3584 1158 3634 H
1180 3534 1301 3634 {K
1520 3588 1585 3637 19
1619 3572 1812 3653 ἦλθεν
1850 3586 1896 3649 Q
1922 3586 1972 3637 R
1994 3586 2035 3636 Z
2059 3585 2111 3636 K
2134 3600 2171 3635 v
