2563 4087
2128 265 2247 329 187

297 414 428 477 καί
448 432 599 476 τινα
626 408 893 476 τούτων
923 407 1203 476 σινδόνα
1236 408 1576 488 ἐξείλκυσε
1603 410 1861 476 πολλοῦ
1890 434 1968 493 γε
1996 414 2240 495 τιμίαν.

300 506 390 596 ἣν
425 507 513 596 δὴ
549 510 663 577 καὶ
699 510 918 597 μόνην
955 506 1323 598 ἀναλαβών
1355 511 1495 578 τῶν
1532 507 1930 598 ἀνακτόρων
1957 535 2028 579 τε
2057 511 2240 591 ἐξελ-

292 609 458 680 θῶν
504 610 712 699 ἀπῄει
757 609 1136 699 πόρρωθεν.
1222 611 1347 698 τὴν
1405 612 1637 699 μέντοι
1684 610 1962 679 σινδόνα
2023 610 2239 691 εὐθὺς

300 712 742 800 ἀπεμπόλησε
785 711 916 779 κάκ
965 717 1082 799 τῆς
1134 715 1326 800 τιμῆς
1373 720 1709 836 μυρρίνης
1755 711 2077 801 ἀρώματα
2128 715 2243 781 καὶ

304 817 500 902 ἕτερα
545 814 885 903 μυρεψικά
947 816 1247 895 δαψιλῶς
1311 818 1457 901 εἴδη
1522 812 1847 900 ὠνήσατο.
1932 813 1968 882 6
2016 816 2244 902 μέντοι
2295 846 2321 886 5

292 913 623 1003 βασιλεῦς
660 913 896 984 οὐδενὶ
931 916 1057 1001 τὴν
1090 919 1214 983 τοῦ
1251 917 1415 983 νέου
1462 913 1870 1001 νυκτερινὴν
1903 915 1980 984 τὸ
2019 916 2242 1002 παρά-

300 1041 441 1084 παν
480 1019 876 1085 ἐπιστασίαν
915 1007 1297 1105 ἐγνώρισεν.
1373 1018 1589 1085 ἕωθεν
1628 1007 1757 1085 οὖν
1773 1016 1832 1086 6
1871 1016 2243 1105 φιλόσοφος

288 1116 423 1185 τὸν
474 1119 720 1186 ἑαυτοῦ
773 1122 984 1187 παῖδα
1034 1117 1489 1206 παραλαβών,
1554 1117 1724 1206 πρὸς
1782 1117 1904 1186 τὸν
1964 1121 2243 1207 βασιλέα

299 1218 676 1305 πορεύεται.
766 1220 881 1287 καὶ
945 1218 1405 1305 εἰσελθόντες,
1471 1220 1581 1287 ἐπὶ
1643 1219 1766 1306 τὴν
1826 1222 1959 1306 γῆν
2022 1217 2243 1288 αύτόν

298 1319 838 1408 προσεκύνησαν.
947 1321 1061 1388 καὶ
1125 1319 1343 1400 εὐθύς
1406 1317 1442 1388 6
1506 1336 1667 1399 παῖς
1736 1320 1817 1387 vo}
1893 1322 2239 1409 ἐωνημένα
2267 1351 2317 1390 ιο

299 1418 528 1508 εὐώδη
573 1422 949 1489 ἐκεῖνάκαὶ
985 1422 1403 1507 τερπνότατα
1440 1427 1584 1509 εἴδη
1620 1424 1714 1514 τῷ
1750 1418 1988 1489 ἄνακτι
2022 1442 2237 1511 προσ-

286 1521 538 1608 ·ήνεγκε
585 1523 699 1590 καὶ
762 1521 848 1590 δι’
905 1520 1137 1590 αὐτῶν
1186 1527 1305 1610 τῆς
1352 1527 1800 1610 προσαγωγῆς
1835 1527 2082 1592 τοῦτον
2113 1526 2238 1612 ,ἐγ-

289 1621 646 1709 κωμιάζειν
681 1621 1040 1711 ἀπήρξατο.
1118 1630 1243 1712 ἔφη
1284 1625 1361 1693 δὲ
1396 1626 1511 1693 καὶ
1559 1623 1594 1693 6
1646 1625 2021 1713 φιλόσοφος
2070 1626 2238 1712 πρὸς

292 1722 544 1792 αὐτόν·
619 1722 976 1812 ‘amman
1039 1728 1186 1812 ζῆθι
1235 1733 1334 1805 εἰς
1382 1725 1508 1795 τὸν
1558 1729 1792 1795 αἰῶνα.
1891 1727 2084 1815 ἰδού,
2148 1725 2238 1807 ῶς

294 1823 502 1915 ὁρᾷς,
552 1827 648 1916 τῷ
699 1827 925 1912 κράτει
974 1845 1099 1895 σου
1136 1835 1418 1896 τουτονί
1447 1854 1579 1915 μου
1614 1828 1739 1897 τὸν
1775 1833 1987 1896 παῖδα
2023 1832 2229 1915 παρέ·
2265 1853 2314 1893 15

294 1945 525 2014 στησα.
600 1923 681 1995 ὃν
728 1925 765 1994 6
805 1927 923 2007 σός
971 1923 1386 2018 ἀστρολόγος
1438 1929 1590 2014 περὶ
1637 1928 1853 2016 αὐτὴν
1889 1930 2013 2015 τὴν
2048 1949 2235 2018 τρισ-

297 2032 765 2098 καιδεκαετίαν
812 2031 930 2117 τῆς
979 2027 1194 2099 αὐτοῦ
1256 2031 1427 2115 ζωῆς
1493 2034 1851 2119 λῃστρικῆς
1916 2033 2235 2120 ἐργασίας

295 2132 564 2217 μέλλειν
613 2131 1074 2220 κατάρξασθαι
1120 2130 1603 2221 προηγόρευσε.
1699 2133 1814 2200 καὶ
1883 2133 2035 2201 ἰδοὺ
2098 2139 2235 2202 νῦν

294 2235 922 2320 πεντεκαιδεκαέτης
960 2235 1199 2319 γέγονε
1233 2234 1350 2302 καὶ
1388 2231 1707 2321 οὐδαμῶς
1736 2234 1995 2319 κλοπὴν
2026 2236 2233 2322 ἐξειρ-

287 2333 567 2419 γάσατο.
632 2342 876 2403 τοίνυν
912 2335 1170 2422 ψευδὴς
1210 2334 1247 2401 6
1291 2333 1704 2421 ἀστρολόγος
1739 2334 1867 2423 ἤδη
1906 2336 2230 2423 πεφώρα-
2257 2361 2309 2400 20

286 2458 434 2521 ται,
479 2437 595 2504 καὶ
632 2440 712 2503 αἱ
739 2435 991 2504 τούτου
1030 2437 1430 2526 προρρήσεις
1466 2437 1792 2524 ληρώδεις
1826 2435 2232 2524 ἀπεφάνθη·
2260 2423 2303 2458 p‘
2331 2412 2404 2453 ¹²³

286 2533 458 2604 σαν.’
519 2535 551 2604 6
581 2534 659 2605 δὲ
685 2538 1006 2625 βασιλεῦς
1037 2540 1402 2627 περιέργως
1429 2541 1512 2625 τῇ
1543 2537 1694 2618 ὄψει
1719 2542 1842 2606 τοῦ
1861 2544 2229 2606 νεανίσκου

289 2640 719 2725 ἐνατενίσας,
759 2638 1124 2725 έπεγνώκει
1157 2638 1407 2725 αὐτόν,
1447 2636 1539 2718 ῶς
1574 2629 1776 2718 οὗτός
1816 2642 1998 2707 ἐστιν
2031 2636 2068 2706 6
2104 2639 2229 2725 τὴν

286 2739 625 2828 διορυγὴν
669 2744 754 2828 τῇ
802 2742 1005 2809 νυκτὶ
1058 2741 1514 2829 ἐργασάμενος
1576 2742 1862 2828 κλέπτης
1908 2741 2023 2808 καὶ
2068 2748 2229 2808 τολ-

46 2914 49 2925 ὶ
289 2843 520 2929 μηρῶς
573 2840 809 2921 εἰσδὺς
854 2841 938 2910 τά
986 2849 1294 2930 βασίλεια
1341 2843 1454 2910 καὶ
1502 2842 1628 2928 τὴν
1682 2845 1756 2912 ἐν
1802 2845 1896 2932 τῷ
1963 2844 2231 2910 κοιτῶνι
2257 2869 2308 2909 25

46 2952 49 3065 ᾦ
287 2939 513 3010 αὐτοῦ
549 2942 813 3029 κλοπὴν
849 2943 1317 3031 ποιησάμενος.
1391 2945 1508 3012 καὶ
1541 2942 1938 3032 ὑπολαβών,
1989 2942 2006 2969 “
2028 2933 2228 3022 οὗτός

296 3042 497 3111 ἐστιν’
556 3050 683 3131 ἔφη
729 3043 747 3070 ‘
767 3044 803 3111 6
854 3044 1025 3112 κατὰ
1072 3049 1192 3131 τῆς
1224 3051 1568 3132 βασιλείας
1602 3072 1735 3132 μου
1774 3045 2230 3132 εἰσεληλυθώς

287 3143 613 3232 κλέπτηςῖ
712 3147 827 3214 καὶ
881 3146 1221 3234 ἐπιστώθη
1274 3148 1538 3233 μᾶλλον
1590 3146 1694 3215 ἐπ’
1761 3144 1946 3237 αὐτῷ
2007 3143 2049 3232 ἡ
2108 3147 2230 3213 τοῦ

288 3242 709 3335 ἀστρολόγον
730 3246 1257 3336 προαγόρευσις.
1328 3246 1437 3317 Ἐκ
1472 3247 1722 3335 ταύτης
1757 3274 1891 3335 μου
1927 3250 2043 3332 τῆς
2080 3249 2229 3333 διη-

423 3443 471 3493 ὅ.
508 3445 541 3492 6
578 3445 641 3493 de
678 3444 1030 3495 conlocatione
1061 3463 1109 3498 u
1138 3447 1255 3507 149,
1280 3445 1348 3494 26
1451 3446 1484 3493 6
1521 3436 1700 3495 ουδὲν
1802 3445 1835 3493 9
1871 3434 2023 3492 ἐπὶί.
2049 3456 2093 3494 e.
2123 3434 2228 3501 ἕως

286 3504 375 3567 εἰς
507 3512 571 3562 18
606 3506 843 3576 μέλλειν
877 3513 946 3574 οΓ.
990 3514 1173 3575 140,1
1315 3514 1381 3562 20
1417 3506 1645 3576 τοίνυν]
1691 3511 1762 3573 cf.
1803 3511 1917 3570 138,
1955 3510 2021 3558 27
2160 3511 2227 3560 23

291 3569 463 3638 αὐτὸς
500 3578 545 3628 Ρ
683 3581 751 3629 24
786 3571 849 3630 ἐν
885 3578 990 3646 vij?
1126 3582 1192 3629 27
1228 3595 1342 3644 μου
1377 3595 1477 3629 non
1513 3585 1593 3629 est
1624 3580 1678 3626 in
1713 3577 1757 3626 P
1899 3576 1966 3637 cf.
2007 3577 2226 3640 123,11
