2563 4087
329 259 452 323 166

329 402 576 483 σπάνις
624 399 804 491 αὐτῇ
858 405 1000 470 τῶν
1063 401 1430 490 τοιούτων,
1498 401 1699 488 τάχος
1762 402 1846 470 τὰ
1918 405 2278 491 ἐωνημένα

327 503 779 594 παραλαβών,
833 510 931 584 εἰς
967 502 1223 592 ταύτην
1257 501 1519 592 ἤλαυνε
1552 502 1677 590 τὴν
1715 503 1930 573 πόλιν.
2003 495 2051 594 ᾖ
2089 513 2275 593 πλη-

327 614 480 675 σίον
526 606 889 693 γενόμενος
951 607 1203 687 ἔξωθεν
1262 605 1388 695 τὴν
1445 606 1817 676 κατάλυσιν
1880 606 2272 696 ἐποιήσατο,

324 718 573 795 μαθεῖν
628 709 951 776 ἐντεῦθεν
1004 707 1337 839 πρότερον
1394 705 1732 797 ἡρημένος
1788 710 1931 788 πῶς
1990 735 2124 797 αρα
2186 712 2270 778 ἐν

273 837 299 877 ⁶
325 805 540 897 ταύτῃ
577 811 661 896 τῇ
701 807 892 877 πόλει
927 810 1080 898 περὶ
1116 809 1380 878 τούτων
1420 816 1550 895 ἔχει
1584 814 1724 877 τῶν
1759 808 2049 890 ξύλων’
2010 837 2052 898 η
2082 808 2271 898 ὤνη-

324 929 446 988 σις.
534 913 609 979 ἐν
660 909 745 979 δὲ-
785 914 881 1001 τῷ
929 909 1177 999 μεταξὺ
1231 910 1414 998 γυνή
1457 936 1555 990 τις
1605 908 1817 999 δούλη
1866 915 2007 980 τῶν
2058 914 2132 979 ἐν
2175 915 2269 1000 τῇ

326 1008 518 1079 πόλει
563 1011 750 1092 τινὸς
797 1010 1273 1099 τυγχάνουσα,
1333 1011 1457 1080 τόν
1508 1017 1804 1101 ἔμπορον
1850 1014 2267 1101 θεασαμένη,

319 1109 594 1199 ’πόθεν,
646 1104 699 1182 ὦ
754 1114 974 1203 ἑταῖρε
995 1112 1025 1196 ;'
1085 1113 1255 1203 πρὸς
1305 1112 1522 1183 αὐτὸν
1560 1120 1687 1200 ἔφη
1715 1111 1855 1184 ’καὶ
1892 1121 2048 1183 τίνα
2084 1115 2270 1183 εἰσὶν

323 1210 369 1280 6?
433 1216 715 1304 ἐπιφέρῃ
737 1213 769 1298 ;'
836 1212 872 1283 6
925 1214 987 1283 δ’
1045 1221 1336 1304 ἔμπορος
1389 1214 1665 1301 (ἔγωγέ
1723 1213 2136 1304 άπεκρίνατο
2178 1214 2196 1241 ‘
2220 1212 2270 1284 ἃ

249 1343 299 1385 10
330 1316 728 1405 έπιφέρομαι
762 1316 934 1396 ξύλα
970 1318 1147 1386 εἰσὶν
1184 1315 1605 1406 άρωματικά.’
1671 1311 1715 1403 ἢ
1751 1316 1826 1385 δὲ
1858 1323 2269 1388 εἰσελθοῦσα

325 1416 495 1506 πρὸς
531 1414 655 1487 τὸν
695 1420 940 1503 ἑαυτῆς
973 1418 1217 1505 κύριον
1254 1418 1478 1486 πάντα
1512 1419 1594 1486 τὰ
1631 1415 1776 1487 κατ’
1831 1420 2092 1487 ἐκεῖνον
2139 1417 2271 1487 τὸν

328 1525 625 1608 ἔμπορον
672 1518 863 1610 αὐτῷ
913 1520 1340 1608 διεσάφησεν.
1424 1516 1465 1589 ὃ
1515 1518 1591 1589 δὲ
1640 1526 1944 1600 ποικίλος
1993 1514 2089 1587 ὢν
2145 1522 2272 1589 καὶ

327 1623 716 1708 πανοῦργος
764 1621 888 1691 τὸν
935 1621 1227 1710 τρόπον,
1276 1620 1526 1691 αὐτίκα
1561 1619 1973 1707 συναγαγών
2007 1617 2052 1688 ἃ
2092 1621 2280 1710 παρ’·

330 1720 575 1791 ἑαυτὸν
611 1720 998 1811 άρωματικὰ
1033 1722 1204 1805 ξύλα
1243 1724 1577 1811 ἐκέκτητο,
1624 1724 1898 1810 ἐνέβαλε
1933 1725 2028 1812 τῷ
2066 1730 2271 1811 πυρί,

249 1847 300 1889 1⁶
327 1821 528 1909 ὀλίγα
562 1829 778 1893 ταῦτα
823 1823 1240 1913 ὑπάρχοντα.
1313 1826 1430 1893 καὶ
1481 1825 1996 1912 ἐμφυσήσαντος
2050 1825 2274 1911 πολλή

324 1950 425 2004 τις
475 1927 738 1995 ἐκεῖθεν
785 1926 1041 1998 εὐωδία
1096 1927 1519 2014 ἐξεπέμπετο.
1601 1915 1681 2013 ἦς
1739 1923 2161 2014 ὀσφρανθεὶς
2225 1925 2267 1995 6

331 2026 586 2108 ἔξωθεν
643 2035 931 2131 ἔμπορος
984 2030 1163 2115 λέγει
1213 2042 1359 2108 τοῖς
1414 2028 1569 2117 περὶ
1623 2024 1870 2097 αὐτόν
1945 2024 2269 2108 ἐὐωδίας

327 2137 641 2218 πλείστης
703 2129 1128 2220 άρωματικῆς
1190 2129 1667 2218 ὀσφραίνομαι.
1760 2134 1936 2199 ἴδετε
1992 2120 2123 2198 οὖν
2179 2131 2263 2199 vd

323 2230 525 2316 τάχος
563 2231 696 2300 σὺν
733 2236 951 2321 πολλῇ
989 2231 1299 2321 ἆκριβεία
1325 2232 1561 2319 μήπως
1587 2233 1722 2299 τινὶ
1748 2234 1889 2299 τῶν
1917 2228 2268 2319 ἡμετέρων

249 2357 301 2397 20
329 2331 561 2418 γόμων
597 2333 901 2422 πυρκαϊά
934 2359 1032 2413 τις
1068 2334 1502 2423 προσήγγισε,
1538 2334 1653 2400 καὶ
1690 2331 1979 2421 ἡμέτερα
2005 2342 2272 2405 καίεται

153 2471 196 2509 p.
225 2459 299 2498 101
328 2431 687 2522 άροίματα.’
778 2442 850 2504 οἳ
892 2436 974 2504 δέ
1021 2453 1259 2522 φασιν·
1323 2433 1682 2521 ὀὐδαμῶς
1729 2433 2031 2556 πυρκαϊά
2075 2460 2176 2530 τις
2223 2430 2270 2522 ἢ

329 2535 624 2627 σπινθὴρ
683 2536 759 2606 τὸ
826 2536 1148 2626 παράπαν
1208 2531 1391 2616 τινὸς
1451 2561 1592 2604 των
1652 2535 1993 2625 ἡμετέρων
2045 2533 2271 2623 ηψατο

328 2636 596 2726 γόμωνῖ
671 2645 932 2727 πρωίας
968 2638 1044 2707 δὲ
1079 2639 1447 2726 γενομένης
1481 2636 1607 2724 τὴν
1654 2637 1851 2721 πάλιν
1898 2638 2272 2726 εἰσέρχεται

328 2734 729 2827 ὁέμπορος·
797 2729 849 2831 ᾦ
886 2741 1001 2811 καὶ
1038 2740 1502 2809 εἰσελαύνοντι
1535 2741 1843 2828 συναντᾷ
1879 2737 1917 2809 ὁ
1944 2741 2066 2824 τῆς
2093 2739 2272 2809 δού-

250 2865 302 2907 25
330 2847 449 2928 λης
488 2843 746 2928 ἐκείνης
782 2809 1129 2929 δεσπότης.
1185 2840 1328 2910 εἶτα
1366 2840 1790 2910 πυνθάνεται
1816 2840 1978 2928 παρ’
2014 2839 2271 2928 αὐτοῦ,

463 3073 496 3120 5
527 3066 754 3149 [neom
889 3069 1062 3124 θ’·νῶν
1094 3064 1157 3123 ἐν
1190 3089 1259 3139 τη
1294 3062 1462 3124 πόλει
1496 3066 1677 3150 τινὸς]
1717 3064 1874 3130 τινὸς
1904 3070 2017 3122 τῶν
2031 3061 2266 3150 ἀρχόν·

326 3153 440 3188 των
477 3154 591 3189 των
624 3133 911 3207 ἐγχωρίων
945 3141 991 3191 Ρ
1111 3143 1143 3191 9
1178 3141 1232 3189 in
1266 3142 1495 3205 margine
1531 3132 1619 3206 ιβ’
1771 3141 1836 3193 14
1870 3130 2093 3208 ἕαυτῷῗ
2203 3141 2272 3193 15

494 3222 530 3254 α

325 3275 532 3374 ὄλίγάῖ
554 3308 668 3360 cod.
693 3302 864 3396 ὀλίγα
888 3301 1052 3361 uvel?
1139 3297 1658 3388 ἔμφυσήσαντος’
1623 3304 1843 3374 ανέμου
1831 3310 1878 3357 9
1956 3309 2020 3359 18
2013 3300 2273 3386 πλήρης

325 3380 516 3428 mutam·
547 3380 601 3427 in
635 3376 927 3455 πλείστης.
984 3373 1198 3454 πολλῆς
1235 3366 1482 3434 εὐωδίας
1521 3368 1705 3456 ξύλων
1729 3372 2076 3442 μυριστικῶν
2099 3376 2162 3431 Ρ.

328 3435 742 3509 άρωματικῶνῖ
906 3446 968 3495 19
1004 3435 1174 3508 μήπώ
1209 3460 1326 3494 τινι
1360 3446 1506 3505 cod„
1542 3436 1744 3510 μήπως
1779 3444 1823 3493 Ρ
1977 3446 2042 3495 23
2081 3437 2276 3507 εἰσέρ-

365 3525 490 3562 εται
525 3513 677 3563 lmbet
710 3515 907 3575 codex,
950 3514 1046 3562 sed
1086 3514 1162 3561 ita
1200 3513 1447 3577 scriptum
1489 3519 1544 3561 ut
1586 3512 1821 3565 dubitare
1861 3512 2033 3576 possis
2075 3527 2146 3561 an
2200 3513 2276 3563 κίε

365 3573 656 3642 πέρχεται.
697 3549 975 3644 εἰσῆλθεν
1013 3574 1098 3638 εἰς
1132 3579 1178 3629 Ρ
