2563 4087
2149 244 2194 308 9

229 388 487 459 λοιπὸν
527 389 638 458 ἐπὶ
687 391 1019 457 τοσοῦτον
1055 387 1294 476 καιρὸν
1332 389 1625 477 σιωπᾷςς
1683 384 1899 475 ὅμως,
1949 394 2013 457 εἰ
2057 386 2190 475 φό-

224 501 365 580 βον
406 497 574 578 ἔχεις
624 497 722 570 είς
777 491 1026 558 ἑαυτὸν
1078 490 1169 578 μή
1216 516 1278 557 τι
1324 492 1463 558 τῶν
1511 488 1864 575 ἀδοκήτων
1917 490 2221 559 ἐπέλθοι

226 614 380 682 σοι,
420 593 876 680 συμβουλεύω
914 600 1031 661 σοι’
1071 618 1135 658 τι
1183 594 1462 681 πρᾶγμα
1516 590 1895 679 ὠφέλιμον,
1943 593 2059 659 καὶ
2108 589 2189 659 οὐ

225 695 764 783 χωρισθήσομαί
807 715 933 763 σου
998 693 1366 783 πρότερον,
1428 696 1553 773 ἕως
1606 683 1689 762 οὗ
1749 692 1827 763 τὸ
1894 699 2094 818 ἔργον
2154 689 2192 760 ὃ

225 798 409 878 λέξω
447 817 553 866 σοι
602 794 707 866 ἐπ’
751 794 1046 887 ωφελείᾳ
1094 797 1178 883 τῇ
1219 798 1306 884 σῇ
1350 795 1818 884 ἐκπληρώσεις.
1903 791 1943 862 ὃ
1977 797 2059 863 δέ
2091 814 2195 864 σοι
2243 822 2270 862 5

125 982 136 987 ·
223 902 456 986 λέγω,
493 898 702 968 τοῦτο’
741 901 910 968 ἐστι·
959 896 1310 985 γινώσκεις
1344 900 1567 977 καλῶς
1605 895 1705 965 ὅτι
1740 896 1777 967 ὁ
1817 896 1934 977 σὸς
1972 897 2192 986 πατὴρ

225 1001 376 1089 ἤδη
411 1003 638 1089 γέρων
677 1001 818 1069 ἐστὶ
855 1001 970 1070 καὶ
1007 998 1387 1086 ἀδύνατος,
1425 997 1511 1068 σύ
1551 998 1627 1069 δὲ
1667 1000 1922 1086 ἰσχύεις
1948 1002 2031 1089 τῇ
2062 1005 2193 1068 δυ·
2269 1008 2278 1015 ’

223 1103 440 1190 νάμει
475 1103 591 1171 καὶ
629 1101 943 1182 αὕξάνεις
968 1106 1052 1190 τῇ
1082 1102 1362 1189 νεότητι.
1424 1100 1546 1170 ε’ἀν
1574 1109 1907 1189 φαίνηταί
1934 1121 2039 1170 σοι
2065 1092 2193 1170 οὖν
2220 1125 2394 1176 p.1313.

225 1204 499 1292 καλὸν,
552 1205 921 1293 ἐπιβουλήν
969 1231 1118 1272 τινα
1155 1201 1324 1272 κατά
1362 1204 1484 1271 τοῦ
1524 1202 1780 1291 πατρός
1835 1224 1961 1272 σου
1998 1211 2195 1290 μελε-

224 1308 458 1394 τήσω,
512 1309 627 1375 καὶ
679 1311 945 1376 ἐκεῖνον
1000 1305 1126 1393 μὲν
1176 1312 1275 1385 εἰς
1327 1303 1547 1392 φόνον
1601 1305 1916 1393 ἐκδώσω,
1980 1302 2067 1372 σύ
2118 1304 2196 1372 δὲ
2224 1334 2274 1372 ιο

230 1409 478 1498 λαβὼν
540 1407 665 1497 τὴν
724 1415 1111 1497 βασιλείαν,
1183 1407 1365 1495 λήψῃ
1430 1405 1604 1495 κάμὲ
1666 1412 1763 1487 εἰς
1824 1405 2193 1493 γυναῖκα.“

225 1514 458 1580 ταῦτα
503 1513 634 1597 τῆς.
675 1513 976 1600 πονηρᾶς
1023 1509 1350 1596 γυναικὸς
1397 1513 1491 1601 τῷ
1544 1510 1733 1578 παιδὶ
1788 1509 2198 1597 λαλησάσης,

233 1614 516 1701 σφόδρα
554 1611 591 1680 ὁ
631 1628 792 1692 παῖς
832 1614 941 1681 ἐπὶ
991 1613 1255 1691 τούτοις
1308 1610 1659 1699 ὠργίζετο,
1708 1613 1823 1679 καὶ
1874 1612 2201 1680 τοσοῦτο-ν

228 1712 405 1783 καθ’
467 1715 714 1784 ἑαυτὸν
762 1717 856 1806 τῷ
912 1717 1118 1806 θυμῷ
1171 1713 1554 1802 ἐταράχθη,
1603 1712 1696 1793 ω”ς
1743 1715 1858 1782 καὶ
1907 1715 2024 1800 τῆς
2074 1714 2197 1780 τοῦ

233 1816 664 1887 διδασκάλου
694 1814 903 1904 αὐτῆς
934 1817 1207 1902 ἐντολῆς
1239 1815 1685 1885 ἐπιλαθέσθαι
1709 1816 1824 1883 καὶ
1858 1815 1987 1904 πρὸ
2020 1834 2197 1902 συμ-
2228 1838 2281 1878 15

233 1918 656 2006 πληρώσεως
714 1920 852 1986 τῶν
916 1917 1079 1986 ἑπτὰ
1141 1914 1408 2007 ἡμερῶν
1470 1920 1769 2001 λαλῆσαι.
1862 1925 1984 1985 καί
2037 1936 2203 2003 φησι

234 2018 420 2109 πρὸς
457 2017 704 2108 αὐτὴν·
759 2026 1136 2108 ,,γίνωσκε,
1182 2047 1233 2087 ω
1270 2018 1512 2107 γύναι,
1565 2047 1656 2098 ως
1703 2016 1777 2087 vd
1818 2019 1953 2087 νῦν
1989 2025 2199 2105 λαλη-

233 2123 378 2193 θὲν
444 2120 630 2211 παρά
686 2125 813 2191 σοῦ
867 2148 996 2208 ουχ
1049 2124 1179 2203 ἕξει
1230 2120 1589 2211 ἀπόκρισιν
1638 2119 1798 2208 παρ’
1857 2122 2021 2208 ἐμοῦ
2075 2122 2199 2199 ἕως

237 2223 800 2313 συμπληρωσεως
842 2222 1006 2294 ἑπτά
1043 2223 1383 2313 ἡμερῶν.“
1443 2222 1623 2292 οὕτω
1658 2227 1781 2292 τοῦ
1819 2220 2061 2302 παιδὸς
2099 2229 2199 2291 εἰ-

237 2327 539 2414 πόντος,
575 2326 617 2413 ἡ
663 2321 843 2414 γυνὴ
890 2333 1260 2415 περίφοβος
1310 2324 1640 2414 γενομένη
1688 2327 1803 2394 καὶ
1853 2331 2200 2415 ἔντρομος,
2227 2352 2281 2392 20

236 2426 516 2518 βουλὴν
553 2435 879 2522 κακίστην
929 2429 1044 2496 καὶ
1082 2427 1408 2517 ὀλεθρίαν
1444 2427 1614 2498 κατά
1651 2429 1774 2496 τοῦ
1811 2427 1974 2496 νέου
2015 2426 2204 2496 ἐσκέ-

240 2544 461 2612 ψατο·
528 2531 643 2599 καὶ
705 2528 845 2617 ἅμα
907 2528 1209 2619 διέρρηξε
1260 2528 1343 2598 τά
1405 2530 1630 2616 ἱμάτια
1685 2528 1897 2616 αὐτῆς
1957 2529 2071 2596 καὶ
2123 2525 2203 2595 τὰ

243 2632 630 2723 πρόσωπον
664 2631 1054 2719 τύπτουσα,
1089 2633 1399 2720 μεγάλως
1441 2630 1736 2719 ἐβόησεν.
1821 2628 1856 2697 ὁ
1895 2628 1971 2698 δὲ
2006 2635 2201 2716 βασι-

241 2735 420 2813 λεῦς
448 2732 754 2813 ἀκούσας
781 2739 900 2820 τῆς
928 2738 1163 2822 φωνῆς
1191 2736 1305 2802 καὶ
1334 2740 1725 2821 ταραχθείς,
1752 2732 1878 2818 τὴν
1906 2747 2203 2818 γυναῖκα

237 2844 732 2926 προσκαλεῖται
766 2837 881 2904 καὶ
918 2838 1128 2923 λέγει·
1184 2843 1337 2923 ,,τι’ς
1385 2833 1426 2922 ἡ
1480 2841 1669 2905 αι’τιά
1715 2838 1834 2922 τῆς
1869 2834 2202 2921 τοσαύτης
2228 2857 2280 2897 25

237 2960 379 3009 σου
420 2936 718 3007 ἀτάκτου
754 2942 918 3026 βοῆς
938 2937 1003 3021 ;“
1072 2939 1186 3006 καὶ
1241 2935 1283 3025 ἦ
1335 2937 1515 3024 γυνὴ
1570 2935 1939 3026 ἀπεκρίθη·
1991 2936 2203 3024 ,,ἐγώ,
2230 2959 2409 3009 p.14B.

234 3044 561 3130 βασιλεῦ,
596 3039 761 3127 μετὰ
795 3037 1062 3127 ἀγάπης
1100 3044 1353 3126 πολλῆς
1388 3044 1689 3108 κοπιῶσα
1724 3040 1840 3106 καὶ
1878 3059 2206 3129 προσομι-

151 3197 156 3202 .
238 3146 473 3212 λοῦσα
509 3140 633 3209 τὸν
685 3139 808 3209 σὰν
846 3141 1046 3228 υίόν,
1093 3148 1510 3232 παρεκίνουν
1557 3139 1771 3209 αὐτὸν
1818 3144 1940 3209 τοῦ
1992 3145 2203 3227 λαλῆ-

394 3308 421 3355 1
462 3297 840 3357 ἐπιτοσοῦτον
876 3308 924 3355 V
959 3308 1168 3371 saepius
1315 3322 1467 3372 ομως
1502 3307 1538 3355 ἰ.
1566 3322 1613 3355 e.
1653 3300 1720 3357 δὲ
1871 3306 1902 3354 2
1939 3293 2122 3355 αὐτὸν
2158 3306 2204 3353 A

307 3389 316 3396 ·
391 3376 426 3425 8
438 3365 742 3452 αυξάνεις
777 3376 1101 3425 intr-ausiciae
1135 3382 1190 3424 ut
1225 3375 1369 3424 aiunt
1404 3374 1678 3424 adhibitum
1795 3373 1858 3421 15
1894 3365 2074 3437 αυτῆς
2110 3387 2204 3421 om.

233 3431 604 3494 Ama-01⁶2?
641 3441 768 3507 (του
801 3443 875 3505 D)
1014 3443 1332 3507 προσυμπλ.
1369 3442 1417 3490 V
1453 3449 1510 3491 ut
1547 3442 1769 3499 11,19·
1817 3442 1988 3517 qualia
2024 3438 2210 3489 abhinc

235 3527 350 3562 non
390 3513 609 3573 amplius
644 3510 831 3560 notabo
995 3512 1056 3559 17
1094 3508 1267 3575 γῦναι
1304 3511 1421 3561 cdd.
1575 3504 1640 3558 τὸ
1677 3502 1811 3569 νῦν]
1851 3498 1955 3555 τὸν
1992 3498 2123 3558 υἱὸν
2160 3506 2207 3554 A

240 3576 434 3644 (τωρα
470 3575 549 3644 D)
688 3579 752 3628 28
789 3570 893 3629 σὸν
929 3594 1023 3632 om
1060 3578 1153 3627 AB
1191 3579 1373 3628 Boiss.
