2563 4087
497 245 580 309 58
1104 246 1111 249 ’
1333 247 1427 299 VI.
1467 261 1511 297 s.
1553 250 1599 300 1.

422 370 427 381 ⁵
503 415 620 475 μαι
656 389 955 474 δοθῆναι*
976 412 1121 474 μοι,
1162 387 1280 454 ἐὰν
1317 383 1407 472 μὴ
1447 385 1648 473 σύγε,
1702 377 1754 453 ὦ
1790 390 2068 473 βασιλεῦ
2093 439 2112 473 ,
2168 385 2421 473 ἐκδική-

502 510 630 579 σῃς
683 488 793 576 ἐφ’
848 483 951 567 οἷς
1002 493 1219 575 ἔργοις
1278 485 1726 575 ἠναγκάσθην
1786 487 2197 576 ὑβρισθῆναι
2254 485 2422 575 παρὰ

502 595 625 659 τοῦ
662 593 822 659 υίοῦ
862 588 1058 658 σου.“

668 690 943 770 Τούτοις
980 691 1185 758 πάλιν
1232 705 1375 769 τοῖς
1424 688 1648 775 λόγοις
1695 688 1732 758 ὁ
1781 689 2099 778 βασιλεὺς
2144 691 2420 779 τρωθεὶς

451 820 478 859 5
503 792 627 880 τὴν
663 796 953 880 καρδίαν
976 845 995 880 ,
1046 790 1245 878 ὥρισε
1293 790 1414 860 τὸν
1450 792 1611 861 υἱὸν
1664 790 1874 860 αὐτοῦ
1924 791 2420 878 ἀποκτανθῆναι

508 894 728 962 πάλιν.
816 895 930 962 καὶ
983 891 1018 960 ὁ
1068 899 1191 961 τοῦ
1245 894 1573 981 βασιλέως
1636 895 1824 973 ἕκτος
1875 894 2271 982 σύμβουλος
2321 892 2420 960 καὶ

506 995 880 1082 φιλόσοφος
915 993 1038 1082 τὴν
1064 995 1382 1082 τοιαύτην
1417 994 1663 1081 μαθών
1699 994 2071 1082 ἀπόφασιν,
2099 995 2277 1084 πρὸς
2311 993 2418 1062 τόν

504 1098 782 1186 βασιλέα
843 1098 1208 1184 εἰσέρχεται
1263 1095 1481 1186 ἡμέρᾳ
1546 1098 1706 1184 ἕκτῃ
1761 1098 1874 1164 καὶ
1930 1096 2414 1185 προσκυνήσας,

510 1202 741 1287 ,,ζῆθι,
778 1201 1053 1285 βασιλεῦ
1074 1197 1138 1285 ,“
1184 1203 1311 1286 ἔφη
1353 1204 1497 1284 „ele
1533 1197 1654 1265 τὸν
1691 1200 1944 1285 αἰῶνα,
1994 1200 2109 1266 καὶ
2150 1199 2258 1267 ἐπὶ
2297 1220 2410 1284 μα’-

429 1326 478 1364 10
505 1299 712 1388 κρούς
748 1300 1039 1388 χρόνους
1076 1299 1116 1386 ἡ
1159 1301 1430 1380 ἐξουσία
1478 1319 1602 1368 σου
1654 1301 2012 1385 διαμένοιε,
2080 1298 2412 1385 γινώσκειν

506 1404 586 1470 δέ
619 1422 743 1469 σου
778 1402 854 1468 τὸ
894 1400 1136 1488 κράτος
1186 1403 1670 1489 δουλοπρεπῶς
1707 1398 1905 1485 ἀξιῶ,
1954 1397 2057 1468 ὅτι
2114 1400 2234 1469 ἐὰν
2267 1394 2411 1488 μηδ’

507 1501 679 1581 ὅλως
717 1507 951 1588 ἔτυχεν
988 1500 1146 1570 υἱὸν
1186 1508 1358 1587 ἔχειν
1395 1525 1507 1587 σε,
1558 1505 1691 1570 ἔδει
1736 1501 1903 1589 μετὰ
1954 1505 2207 1588 πολλῆς
2257 1499 2410 1588 ἀγά-

507 1629 633 1689 πης
670 1604 785 1670 καὶ
818 1606 1074 1691 θερμῆς
1111 1607 1398 1690 καρδίας
1437 1605 1552 1670 καὶ
1593 1603 1913 1691 ἐπιμόνου
1952 1603 2406 1692 παρακλήσεως

299 1730 408 1779 9:15
424 1731 475 1769 B.
509 1712 925 1792 παρακαλεῖν
972 1703 1092 1772 τὸν
1138 1704 1322 1773 θεὸν.
1354 1708 1476 1772 τοῦ
1534 1707 1787 1773 δοῦναί
1831 1725 1935 1772 σοι
1985 1710 2291 1790 παιδίον,
2336 1699 2411 1779 ὥς

431 1832 478 1869 15
511 1812 679 1891 ἔχειν
716 1808 920 1874 τοῦτο
970 1805 1397 1894 κληρονόμον
1443 1807 1557 1874 καὶ
1605 1806 1923 1891 διάδοχον
1969 1809 2093 1874 τοῦ
2146 1806 2407 1894 κράτους

509 1925 665 1975 σου’
702 1911 837 1975 νῦν
875 1906 952 1975 δὲ
987 1913 1199 1976 παῖδα
1238 1914 1433 1993 ἔχων,
1471 1909 1779 1996 πειρᾶσαι
1826 1911 2075 1975 τοῦτον
2112 1909 2416 1995 φονεῦσαι

508 2012 863 2099 συμβουλῇ
901 2009 1349 2096 κακογνώμου
1387 2008 1709 2095 γυναικός
1731 2063 1749 2096 ,
1798 2011 1913 2078 καὶ
1950 2015 2169 2078 ταῦτα
2202 2009 2287 2098 μὴ
2318 2033 2410 2093 γι-

506 2112 790 2179 νώσκων
827 2121 959 2179 εἴτε
994 2112 1206 2190 αἴτιός
1246 2114 1425 2179 ἐστιν
1473 2109 1508 2178 ὁ
1548 2126 1708 2190 παῖς
1741 2110 2052 2181 θανάτου
2080 2165 2099 2197 ,
2146 2122 2273 2180 εἴτε
2315 2110 2413 2176 καὶ

508 2212 615 2298 μή.
686 2214 800 2280 καὶ
842 2212 959 2281 ἐὰν
996 2215 1200 2280 τοῦτο
1237 2208 1273 2280 ὃ
1310 2214 1521 2298 λέγεις
1560 2212 2010 2293 ἀνεξετάστως
2037 2216 2325 2301 γένηται,
2353 2211 2409 2287 ἐς

432 2338 482 2377 20
508 2312 796 2398 ὕστερον
832 2314 915 2382 σύ
954 2311 1444 2401 θανατηφόρον
1483 2314 1773 2403 ἐπιλήψῃ
1809 2314 2194 2402 τῆν’λύπην
2214 2367 2232 2401 ,
2269 2311 2414 2380 ὥστε

509 2414 751 2501 σχεδὸν
786 2412 925 2483 ύπὸ
962 2417 1077 2501 τῆς
1107 2415 1324 2502 λύπης
1356 2416 1597 2484 ἑαυτὸν
1627 2421 2043 2503 διαχειρίσεις
2062 2435 2075 2447 ’
2113 2415 2281 2484 ἀλλὰ
2312 2413 2410 2481 καὶ

647 2685 669 2729 1
709 2672 808 2746 μὴ]
844 2695 943 2744 μοι
981 2681 1025 2728 V
1164 2682 1195 2729 2
1230 2669 1618 2747 ἠναγκάσθην
1641 2670 2018 2745 ὑβρισθῆναι]
2060 2684 2284 2730 coactus
2316 2691 2412 2728 sum

508 2755 569 2796 ut
604 2749 715 2796 uim
759 2751 1066 2811 paterer:
1100 2749 1373 2811 simplicius
1417 2749 1637 2797 dixisset
1682 2738 1974 2813 ὑβρίσθην
2009 2750 2191 2798 omisso
2228 2744 2414 2810 noyendi

508 2815 681 2865 uerbo.
752 2814 811 2864 M
853 2817 905 2863 in
950 2830 1014 2865 ea
1048 2822 1198 2877 parte
1234 2817 1551 2865 narrationis
1586 2832 1715 2880 quae
1750 2817 2030 2880 respondet
2075 2816 2222 2865 Ιιιιίιιε
2263 2829 2414 2864 recen·

508 2885 668 2931 sionis
698 2898 754 2946 p.
797 2884 888 2930 111
929 2882 991 2931 B.
1038 2875 1148 2947 ὑφ’
1182 2869 1251 2947 ἦς
1288 2879 1387 2934 καὶ
1427 2874 1938 2950 ἄπαγχονισθῆναι
1973 2873 2413 2948 κατηναγκοῖζετο

643 2951 677 2998 4
711 2951 836 3007 τοῖς
871 2965 962 2999 om.
998 2950 1053 2998 A,
1215 2953 1247 3000 6
1292 2953 1466 3000 lemnuz
1510 2944 1676 3000 ἕκτου
1722 2942 2047 3014 φιλοσόφου
2096 2944 2254 3031 λόγοι
2293 2963 2414 3011 συμ·

511 3012 725 3081 βουλῆς
821 3017 852 3065 8
876 3010 1062 3087 ἡμέρᾳ
1086 3020 1303 3081 scripsi:
1330 3007 1449 3080 ὥρα
1474 3018 1643 3077 VAB;
1670 3035 1716 3069 u.
1743 3016 1794 3065 D
1907 3020 1969 3068 10
1995 3015 2289 3082 διαμενοιε
2308 3016 2414 3065 εστί-

507 3086 651 3147 ptori
683 3085 786 3147 ipsi
819 3084 1041 3134 tribuere
1076 3088 1168 3135 uix
1203 3092 1284 3134 est
1317 3086 1456 3148 quod
1488 3085 1685 3135 dubites
1824 3086 1883 3134 11
1925 3077 2029 3136 ἐοὶν
2062 3101 2160 3149 pro
2186 3102 2233 3134 u.
2259 3078 2309 3135 εἰ
2337 3083 2415 3158 ad:

510 3150 710 3200 bibitum
744 3150 814 3214 cf.
845 3168 902 3215 p.
941 3155 1008 3203 95
1042 3152 1104 3202 Β.
1209 3144 1358 3217 μὴδ’
1392 3142 1525 3210 ὅλος
1560 3151 1609 3202 V
1714 3154 1776 3202 16
1811 3148 2084 3217 πειρᾶσαι
2119 3156 2151 3203 ἰ.
2181 3169 2231 3218 q.
2265 3165 2411 3213 πειρᾳ

509 3221 846 3269 recentiorum
881 3228 958 3270 est
1072 3223 1132 3271 17
1170 3212 1643 3286 κακογνώμονοςῗ
1681 3237 1783 3285 qua
1811 3221 1983 3283 forma
2007 3222 2413 3283 ceteroquinuws

511 3293 605 3364 ⁶2⁸³·
641 3286 872 3351 Niceph.
913 3289 1149 3351 Bryenn.
1186 3289 1325 3337 dixit
1358 3280 1422 3338 τὸ
1461 3279 1915 3366 σκληρόγνωμον,
1944 3283 2005 3338 τὸ
2043 3280 2414 3353 ἄμφίγνωμον,

513 3351 699 3416 ανδρα
736 3350 1150 3420 βαθύγνωμον,
1196 3357 1288 3404 alit·
1334 3354 1619 3421 δίγνωμος
1665 3353 2022 3420 διχογνωμος
2058 3348 2314 3420 ἅγνωμος

513 3423 576 3472 18
612 3418 710 3472 καὶ
747 3417 826 3487 μὴ
866 3423 940 3472 V:
977 3416 1054 3486 μὴ
1096 3419 1232 3487 (ΑΒ)
1270 3423 1446 3473 Boias.
1566 3425 1628 3473 19
1666 3414 1967 3489 ἐσύστερον
2002 3425 2051 3473 V
2084 3431 2138 3472 ut
2171 3437 2320 3487 saepe

510 3491 574 3605 2Β1
604 3481 843 3605 ..ξαντόἒ
887 3490 956 3551 cf.
996 3491 1068 3540 ad
1101 3491 1152 3554 8,
1195 3492 1257 3540 15
1469 3487 1824 3556 διαχειρίσης
1859 3490 2028 3540 ABV:
2077 3489 2414 3555 διαχειρίσεις

567 3571 788 3607 mssona
828 3572 856 3606 e
