2563 4087
312 3962 375 4029 5³²5?

398 230 525 298 202
1222 238 1499 306 Excerpta
1533 264 1538 272 ⁴

400 361 430 421 ὁ
480 360 697 434 ἄνδρας
743 386 836 435 της
886 364 988 419 ὃὲν
1032 355 1171 433 ἦτον
1216 362 1446 434 ἐκείνην
1492 361 1599 436 τὴν
1643 360 1824 419 νύκτα
1887 364 1970 426 εἰς
2014 361 2077 419 τὸ
2121 363 2342 436 σπη’τη.

400 446 551 519 ὅμως
588 452 677 520 (ef.
703 456 814 516 197,
847 453 898 516 6)
929 448 1054 517 ἔτζη
1104 447 1308 518 ἔκαμε·
1346 451 1446 504 καὶ
1494 450 1602 519 τὴν
1639 445 1821 503 νύκτα
1859 446 2029 518 ἔφερε
2065 445 2166 503 τὸν
2203 469 2343 518 μοι·

400 534 530 605 χὸν,
569 536 669 589 καὶ
707 529 1035 603 ἔκοιματον·
1082 534 1180 587 καὶ
1217 530 1244 587 ὃ
1286 553 1563 604 παπαγας
1610 552 1789 588 ακουε
1833 528 1936 588 τὸν
1971 529 2192 588 κτύπον
2226 537 2343 589 τοῦ

399 615 765 691 χειρομύλου,
800 618 899 672 καὶ
938 613 1207 686 ἐνώμιζεν
1245 638 1333 672 οτι
1372 614 1582 687 βρονταὶ
1621 622 1693 682 (..
1717 619 1803 687 ᾆ)·
1854 617 2057 688 ἔβλεπε
2092 620 2194 673 καὶ
2230 615 2342 673 τὸν

399 704 738 772 καθρέπτην
777 697 1065 771 α’γνοὶντια
1102 696 1257 756 ὦσαν
1297 696 1623 771 ἀστραπὴν,
1663 697 1812 757 ὀποῦ
1849 696 2196 773 ἅστραφθεν
2229 722 2341 772 ομ-

397 786 540 857 πρὸς
597 791 653 855 (ἰ.
692 806 737 843 e.
795 784 1142 856 ἔμπροσθεν)
1200 785 1285 849 εἰς
1338 807 1409 841 τα
1461 781 1640 855 μοὶτιοί
1678 805 1780 840 του
1834 788 1889 853 (i.
1933 806 1979 840 e.
2026 780 2338 855 ὀμμάτια)·

398 871 599 927 ἔπειτα
638 869 835 937 ἔσταξε
879 871 978 924 καὶ
1026 867 1089 924 τὸ
1137 866 1307 940 νερόν
1353 863 1466 924 ἀπὸ
1516 889 1588 924 το
1636 864 1920 939 σφογκοὲρι
1966 865 2194 925 ἑὸὥθεν
2230 874 2338 926 καὶ

398 952 658 1022 ἐκεῖθεν,
697 956 795 1009 καὶ
834 953 1095 1023 ἔδειχνεν
1131 957 1328 1021 (simile
1365 958 1493 1024 quid
1528 956 1727 1020 effecit)
1766 949 1922 1009 ὦσάν
1958 955 2191 1024 βροχὴν.
2229 958 2338 1009 καὶ

395 1037 426 1095 ὃ
463 1036 739 1110 παπαγοὶς
776 1032 891 1093 ἀπὸ
943 1034 1046 1092 τὸν
1083 1033 1266 1109 φόβον
1313 1058 1445 1106 του,
1503 1034 1724 1110 ἐστάθη
1772 1039 1854 1103 εἰς
1899 1043 2042 1107 μίαν
2079 1049 2340 1108 μεραῖαν

396 1127 498 1179 τοῦ
538 1126 812 1195 κλουβίου
848 1119 1236 1192 ἢσυχαστικᾶ,
1273 1124 1374 1177 καὶ
1412 1121 1520 1178 δὲν
1549 1120 1706 1178 εἶδεν
1743 1120 1842 1177 τὸν
1879 1122 2086 1193 μοιχὸν
2121 1125 2341 1194 κοιμαὶ·

393 1228 570 1277 μενον
604 1229 707 1279 μαι
747 1210 861 1277 (με)
900 1204 1007 1276 τὴν
1043 1226 1227 1276 κυραν
1263 1225 1385 1263 του.
1417 1211 1426 1274 Ι
1476 1213 1556 1273 17,
1595 1213 1626 1261 5
1663 1200 1931 1277 αφησενΙ
1979 1214 2156 1273 17,11
2197 1212 2340 1264 τοῦ·

393 1314 499 1362 την
552 1291 658 1363 τὴν
704 1288 888 1348 νύκτα
935 1286 1067 1347 οὔτε
1117 1290 1371 1361 ἔβρεξεν,
1430 1286 1564 1346 οὔτε
1611 1284 1934 1372 αστραψεν,
1992 1287 2118 1347 αλλ’
2187 1289 2340 1348 οὑδὲ

396 1372 737 1448 ἔβρόντισεν.
773 1396 922 1431 κατα
957 1370 1311 1444 ἄλλήθειαν,
1351 1373 1522 1445 λέγει,
1560 1378 1874 1440 ψεῦὃεσαι·
1911 1397 2018 1446 οχη
2056 1372 2192 1446 (ὅχι)
2230 1373 2332 1445 μό·

393 1482 497 1516 νον
532 1479 639 1515 οσα
676 1458 862 1530 λέγεις
896 1456 1036 1528 τόρα
1088 1454 1289 1528 (τιόρα,
1339 1462 1504 1526 nune)
1543 1453 1689 1514 αλλὰ
1735 1461 1834 1514 καὶ
1871 1457 1941 1515 τοὶ
1978 1463 2173 1527 πρῶτα
2213 1479 2342 1516 ωσα

398 1545 582 1613 εἶπες,
637 1538 745 1599 ὅλα
788 1546 1065 1613 ’ψεῦματα
1111 1533 1268 1613 ἦτον.
1323 1545 1426 1598 καὶ
1459 1540 1574 1599 απὸ
1624 1541 1752 1599 τότε
1787 1562 2053 1614 αγαπησε
2089 1540 2201 1614 τὴν
2236 1567 2340 1615 γυ-

393 1637 573 1684 ναῖκα
611 1648 713 1683 του
758 1624 994 1682 καλοιον
1041 1623 1323 1696 (καλλιον)
1377 1648 1534 1696 παρα
1581 1632 1807 1697 πρῶτα,
1861 1630 1961 1682 καὶ
2008 1627 2132 1698 ἔτζη
2176 1626 2341 1699 slmi-

393 1729 624 1768 νευσαν.
681 1709 883 1767 λοιπὸν
936 1710 1176 1767 τοιαύτα
1231 1709 1552 1783 ἐτεχνεῦθη
1612 1708 1648 1780 ἢ
1702 1708 2080 1782 παμπόνηρος
2131 1708 2339 1783 ἐκείνη

394 1799 540 1868 γυνῆ
580 1795 728 1851 κατὰ
765 1798 867 1851 τοῦ
906 1791 1118 1865 ἀνδρός
1142 1814 1268 1866 της·
1308 1802 1410 1863 (19.
1438 1803 1502 1850 20
1528 1799 1627 1850 καὶ
1650 1838 1662 1853 .
1685 1843 1697 1856 .
1726 1793 1819 1867 ἐφ.
1848 1809 1968 1851 ante
1992 1799 2177 1852 ταῦτα
2206 1803 2297 1864 16)
2329 1803 2334 1820 “

396 1886 474 1946 18,
518 1890 542 1934 1
582 1875 709 1944 ἕνός
744 1901 821 1935 om
875 1885 884 1950 Ι
930 1886 1007 1944 18,
1046 1889 1092 1934 2.
1131 1888 1162 1936 3
1201 1876 1587 1950 εὖθύς..ἀν.]
1647 1876 1996 1949 ἔμετάλαξαι
2034 1882 2138 1951 τὴν
2181 1878 2340 1951 γνώ-

393 1985 508 2035 μην
545 1985 646 2020 του
678 1967 688 2034 Ι
740 1970 817 2032 18,
858 1971 905 2019 6.
946 1961 981 2034 ἡ
1022 1985 1146 2020 κατ.
1185 1986 1263 2019 om
1295 1971 1303 2032 Ι
1354 1971 1432 2031 18,
1470 1971 1502 2019 9
1537 1986 1596 2035 μ.
1639 1984 1679 2020 ε.
1717 1960 1796 2034 οἱ]
1836 1964 1963 2033 ἔτζη
2003 1955 2219 2021 εὖκολα
2255 1988 2336 2021 να

393 2048 495 2106 τὸν
533 2048 927 2121 ἐλευθερώσητε
959 2054 968 2118 Ι
1002 2056 1079 2116 18,
1123 2056 1182 2104 11
1223 2041 1294 2118 ἦν
1331 2048 1465 2120 γὰρ]
1502 2045 1655 2117 ὅμως
1691 2046 1943 2106 ἄκουσον
1979 2040 2025 2105 ὦ
2061 2052 2333 2121 βασιλεῦ’

393 2135 526 2199 ἕνας
563 2130 873 2205 ἅνθρωπος
911 2134 1145 2190 ἔπλενεν
1182 2130 1429 2204 τομαρια
1477 2136 1571 2200 (ef.
1610 2139 1661 2188 D
1698 2141 1780 2198 24,
1824 2138 1906 2203 14)
1940 2137 1949 2202 Ι
2001 2142 2081 2202 18,
2124 2143 2189 2190 14
2225 2138 2330 2191 καὶ

393 2216 457 2272 τό
493 2220 663 2274 παιδὶ
700 2216 775 2282 ὥς
811 2215 1018 2288 μικρὸν
1041 2214 1189 2275 ὃποῦ
1219 2210 1386 2288 ἦτον,
1426 2217 1629 2274 ἔπεσεν
1656 2217 1739 2282 εἰς
1769 2215 1871 2273 τὸν
1894 2217 2156 2289 ποταμὸν
2176 2236 2188 2251 ·
2230 2224 2336 2275 καὶ

392 2301 582 2372 ἕσερνέ
620 2322 685 2356 το
728 2299 791 2357 τό
839 2299 1036 2371 νερὸν,
1094 2324 1170 2357 να
1195 2306 1382 2374 πνυγῆ
1417 2304 1426 2372 Ι
1460 2309 1538 2369 18,
1571 2310 1653 2367 Κ22
1712 2303 1874 2359 θέλει
1932 2300 2149 2373 ὑψωθῆ
2214 2299 2336 2359 ἀπὸ

390 2382 588 2455 ὀλίγον
639 2381 851 2457 ὀλίγον.
920 2391 1025 2442 καί
1087 2408 1161 2443 να
1231 2390 1514 2456 ὃοξαστῆ·
1567 2390 1672 2442 καί
1735 2409 1808 2442 να
1869 2406 1931 2442 σε
1994 2386 2332 2444 θανατώσι·

392 2471 428 2539 (.
452 2512 465 2527 .
487 2512 498 2524 .
522 2472 611 2541 σῃ)
646 2475 654 2538 Ι
690 2477 768 2535 19,
810 2478 836 2525 1
875 2465 1041 2540 ὥρισε
1077 2467 1346 2528 θάνατον
1378 2472 1386 2539 Ι
1420 2477 1499 2537 19,
1543 2478 1567 2525 1
1607 2466 1780 2541 ἥκοσε
1826 2468 2082 2542 (ἤκουσε)
2121 2469 2332 2528 λοιπὸν

388 2557 489 2610 καὶ
525 2550 555 2609 ὁ
596 2556 648 2610 δ.
687 2552 717 2611 ὁ
757 2575 819 2624 φ.
858 2559 977 2620 πῶς
1013 2552 1044 2612 ό
1082 2553 1354 2627 βασιλεὺς
1392 2550 1652 2625 ἐγῦρισεν
1692 2553 1776 2618 εἰς
1809 2553 1943 2619 τοὺς
1981 2553 2190 2625 λόγους
2227 2561 2334 2626 τῆς

388 2639 688 2709 γυναικός,
747 2639 962 2709 ἔδραμε
1016 2642 1117 2695 καὶ
1155 2637 1365 2710 ἐπῆγεν
1413 2639 1495 2703 εἰς
1532 2635 1634 2694 τὸν
1670 2640 1910 2708 βασιλέα
1945 2641 2045 2694 καὶ
2079 2647 2091 2703 Ι
2138 2646 2221 2707 19,
2263 2648 2332 2696 14

390 2718 480 2778 ὅτι
532 2722 608 2778 ἄν
669 2717 847 2779 ἄδικα
902 2723 1492 2795 φωνεῦσης..θε’λεις
1545 2720 1871 2794 μετανοήση
1918 2726 2020 2779 καὶ
2083 2727 2092 2792 Ι
2142 2730 2225 2793 19,
2265 2732 2336 2781 20

388 2798 531 2874 ἦτον
575 2806 710 2872 ἕνας
752 2804 1193 2877 πραγματεῦτῆς
1236 2806 1440 2863 nouo?
1483 2804 1782 2876 ἐπιτήὸιος
1824 2808 1925 2864 καὶ
1970 2807 2336 2878 anemonas-

390 2893 668 2958 (mundus)
709 2890 794 2956 εἰς
829 2887 901 2948 τὰ
937 2896 1123 2962 φαγία
1161 2910 1288 2948 του·
1325 2888 1519 2961 τόσον,
1560 2887 1651 2948 ὅτι
1688 2890 1794 2947 ἃὲν
1830 2891 2073 2963 ἔτρωγεν
2109 2897 2336 2963 καμίας

314 3045 319 3050 .
390 2976 564 3044 λογῆς
602 2978 827 3041 (nullius
851 2980 1083 3046 generis)
1121 2984 1335 3047 φαγῖν,
1375 2971 1447 3032 ἂν
1483 2975 1587 3031 ὃὲν
1623 2971 1804 3045 ἤθελε
1830 2996 1894 3031 το
1922 2977 2078 3046 εἰὸῆ·
2116 2981 2328 3047 μῆπως

388 3058 488 3112 καὶ
510 3056 627 3128 ἔχει
651 3061 1005 3130 τίποταις(..
1031 3064 1109 3129 ες)
1132 3055 1482 3131 ἄπαστριάν·
1520 3057 1728 3130 ὁμοίως
1773 3059 1983 3131 ἔκαμεν
2003 3065 2105 3116 καὶ
2142 3061 2229 3126 εἰς
2265 3061 2333 3117 τὸ

388 3140 567 3198 ποτόν
605 3163 722 3203 του
778 3146 786 3212 Ι
841 3151 922 3211 20,
964 3150 1094 3199 1-4
1129 3148 1229 3201 καὶ
1290 3142 1419 3202 ἐκεῖ
1474 3143 1707 3201 εὖλέπει
1743 3145 1986 3215 (βλέπει)
2033 3148 2181 3216 μίαν
2231 3167 2335 3217 γυ·

385 3234 595 3294 ναῖκα,
633 3223 782 3283 ὁποῦ
820 3225 1031 3298 ἐβαστα
1068 3224 1176 3284 δύο
1211 3232 1441 3299 ψωμία,
1482 3220 1748 3299 εὔμορφα
1783 3231 1883 3285 καὶ
1919 3227 2190 3298 καθαρὰ·
2223 3232 2326 3285 καὶ

385 3312 535 3381 λέγει
571 3333 698 3382 της,
738 3316 798 3368 τί
829 3334 900 3368 τα
936 3333 1159 3384 καμνης
1196 3309 1345 3369 αὐτα
1391 3311 1463 3369 τὰ
1501 3318 1732 3382 ψωμία;
1785 3316 1886 3369 καὶ
1932 3307 2082 3383 αὐτὴ
2138 3314 2328 3384 λέγει·

380 3390 579 3451 ἳτουλῶ
616 3417 716 3465 τα,
738 3398 837 3451 καὶ
877 3390 1074 3461 ὅποιος
1109 3396 1181 3453 τὰ
1206 3393 1590 3468 χριαζεται(..
1613 3394 1741 3455 εια’.
1760 3402 1828 3466 .),
1850 3419 1921 3461 ας
1958 3419 2029 3453 τα
2068 3417 2328 3469 αγωρασι

386 3482 423 3542 <-
441 3485 576 3550 .σῃ).
615 3480 743 3549 ἔτζη
783 3476 1053 3551 ἀγόρασε·
1085 3488 1093 3549 Ι
1123 3488 1206 3549 20,
1229 3491 1293 3537 13
1317 3524 1329 3537 .
1351 3524 1363 3537 .
1385 3480 1617 3553 ἔποίγεν
1648 3484 1683 3549 (.
1709 3524 1721 3538 .
1743 3484 1778 3551 ῆ
1802 3523 1814 3537 .
1836 3484 1869 3548 .)
1893 3480 1977 3547 εἰς
2003 3478 2069 3538 τὸ
2095 3478 2329 3553 παζαρη
