2563 4087
373 272 501 335 244
1125 209 1132 214 ⁵
1190 270 1436 333 Aesopus
1473 270 1499 319 Ι

374 430 642 503 ἀπιόντι
669 456 761 497 τω
791 431 1066 519 Ξάνθῳ.
1118 428 1575 516 μεσημβρινοῦ
1607 425 1683 495 δὲ
1708 426 2054 514 καύματος
2089 450 2329 511 ουτος,

376 533 412 602 6
451 533 723 614 Ξάνθος
776 535 850 600 ἐν
908 532 1004 621 τῷ
1057 543 1450 617 περιπατεῖν
1494 529 1616 596 τὸν
1664 530 1914 615 χιτῶνα
1960 525 2328 615 ἀνασυρά-

377 662 579 723 μενος
618 631 826 718 οῧρει.
903 630 1070 721 ὅπερ
1123 628 1297 701 ι’δων
1332 641 1652 710 Αἴσωπος
1688 630 1804 698 καὶ
1851 631 1993 697 τῶν
2032 633 2332 716 ἱματίων

382 741 649 806 ἐκείνου
704 732 1117 824 δραξάμενος
1168 731 1480 821 ὄπισθεν,
1542 734 1713 822 πρὸς
1766 732 2014 800 ἑαυτὸν
2049 734 2333 800 εἵλκυσε

330 865 355 903 5
381 845 501 906 καί
533 855 729 924 φησι·
788 836 959 924 ,,τὴν
995 843 1317 924 ταχίστην
1353 863 1435 923 με
1471 835 1814 924 πώλησον,
1878 834 2022 903 ἐπεὶ
2061 838 2324 923 δραπε-

171 1180 217 1220 p.
235 1169 284 1209 26
300 1171 344 1212 b.

379 937 645 1008 τεύσω“
657 992 669 1005 .
724 941 838 1008 καὶ
877 936 914 1006 6
952 938 1255 1019 Ξανθος·
1317 936 1515 1026 ,,ανθ·’
1571 934 1780 1006 οτου“
1790 969 1806 1020 ;
1860 934 2054 1025 ,,ὃ’τι“
2107 945 2333 1025 φησίν

380 1037 642 1130 „ofin”
605 1068 690 1109 αν
740 1045 1084 1128 δυναίμην
1129 1040 1417 1131 τοιούτῳ
1466 1038 1952 1129 ὑπηρετεῖσθαι
2004 1038 2329 1127 δεσπότῃ.

384 1150 448 1212 εί
471 1143 603 1231 γὰρ
633 1142 720 1211 σύ
751 1143 1081 1230 δεσπότης
1103 1137 1198 1208 ὢν
1225 1143 1342 1209 καὶ
1370 1143 1629 1229 μηδένα
1656 1140 2110 1229 φοβούμενος,
2139 1138 2332 1228 ὅμως

378 1244 610 1314 ἄνεσιν
647 1242 732 1312 ού
773 1245 1101 1333 παρέσχες
1136 1245 1219 1332 τῇ
1261 1243 1486 1331 φύσει,
1525 1241 1699 1311 ἀλλὰ
1733 1248 2033 1330 βαδίζων
2067 1240 2332 1330 οὐρεῖς,

300 1378 350 1415 10
381 1354 445 1416 εί
492 1347 685 1433 τύχοι
718 1347 842 1414 τὸν
879 1347 1133 1414 δοῦλον
1172 1344 1286 1431 ἐμὲ
1334 1344 1501 1435 πρός
1539 1371 1690 1413 τινα
1730 1346 2055 1442 σταλῆναι
2087 1349 2329 1413 διακα-

379 1457 539 1518 νίαν
588 1447 719 1516 κάν
770 1451 866 1539 τῷ
915 1447 1162 1535 μεταξύ
1212 1450 1331 1534 τῆς
1377 1454 1653 1535 πορείας
1697 1446 1961 1515 τοιόνδε
2006 1473 2068 1513 τι
2114 1444 2337 1513 ἀπαι-

379 1552 577 1637 τῆσαι
622 1549 747 1634 τὴν
784 1549 1021 1636 φύσιν,
1069 1547 1332 1636 ἀνάγκη
1381 1551 1565 1617 πᾶσα
1612 1548 1982 1637 πετόμενόν
2029 1575 2111 1635 με
2146 1546 2336 1615 ἆπο-

385 1648 673 1719 πατεῑν“
772 1652 887 1718 καὶ
941 1649 978 1717 6
1027 1650 1332 1731 Ξάνθος·
1392 1651 1647 1737 ,,τοῦτό
1685 1671 1759 1719 σε
1791 1657 2116 1739 θορυβεῖ;
2164 1657 2337 1736 τρία

388 1778 560 1821 κακα
590 1752 1045 1900 βουλόμενος
1036 1754 1396 1841 διαδρᾶναι
1428 1758 1721 1839 βαδίζων
1757 1750 1942 1841 οὕρω
1913 1754 1940 1768 '⁴
1949 1750 2013 1818 .“
2064 1753 2178 1819 καὶ
2217 1748 2334 1831 ὅς·

309 1881 359 1921 15
398 1909 416 1943 ,
424 1880 607 1942 ,ποια
666 1869 1045 1937 ςκακεῖνος·
1078 1856 1376 1942 ,,εστῶτί
1384 1880 1496 1940 μοι
1512 1854 1638 1940 τὴν
1655 1853 1782 1942 μὲν
1799 1851 2102 1941 κεφαλὴν
2118 1856 2339 1920 κατέ-

305 2390 354 2429 20

200 2441 333 2491 VIII

386 1975 642 2025 καυσεν
679 1983 766 2024 αν
803 1954 839 2024 6
877 1953 1085 2045 ἥλιος,
1120 1956 1281 2035 τοὺς
1311 1955 1386 2024 δὲ
1414 1954 1627 2035 πόδας
1658 1956 1734 2024 τὸ
1770 1961 1888 2045 τῆς
1915 1958 2038 2042 γῆς
2070 1958 2337 2043 ἔδαφος

386 2055 465 2128 ὃν
517 2061 1116 2147 ἐκπεπυρωμένον,
1171 2058 1213 2146 ἡ
1262 2057 1338 2126 δὲ
1386 2062 1508 2127 τοῦ
1560 2057 1773 2147 οὔρου
1826 2059 2151 2148 δριμύτης
2199 2057 2337 2145 τὴν

387 2158 720 2249 ὄσφρησιν
758 2157 842 2228 ἂν
884 2158 1331 2248 ἐλυμήνατοίί.
1405 2162 1520 2229 καὶ
1556 2159 1593 2227 6
1633 2171 1986 2240 Αἴσωπος·
2029 2159 2337 2248 ,,βοίδιζε,

387 2261 703 2342 πέπεικας
738 2261 893 2349 με“.

511 2362 689 2433 Ἐπεὶ
730 2364 805 2432 δὲ
841 2366 954 2432 καὶ
994 2365 1078 2451 τῇ
1120 2370 1304 2453 οἰκίᾳ
1358 2364 1755 2452 ἐπέστησαν,
1804 2362 1839 2432 6
1872 2364 2149 2444 Ξάνθος
2189 2388 2336 2431 πα-

524 2530 549 2576 1
588 2518 848 2593 οἷπιόντι]
878 2545 968 2578 ντι
993 2530 1043 2577 in
1069 2528 1109 2575 Z
1144 2529 1264 2578 add.
1291 2543 1359 2577 m.
1385 2543 1490 2580 ree.
1598 2525 1862 2608 μεσεμβρ
1901 2528 1946 2576 R
1981 2524 2258 2609 μεσυμβρ.
2286 2527 2337 2577 Ζ

384 2595 636 2661 μεσηβρ.·
657 2612 689 2644 a
862 2600 890 2645 2
930 2593 1173 2674 χειτῶνα
1209 2596 1249 2643 Ζ
1273 2611 1310 2644 v
1471 2588 1903 2679 ἀνασυράμενος
1938 2595 2005 2644 Α
2023 2589 2340 2659 ἄνασυρῶ-

383 2680 554 2727 μενος
578 2665 622 2713 Ρ
728 2668 758 2715 3
787 2658 960 2714 εἰδῶν
986 2665 1029 2712 Ρ
1135 2656 1165 2715 6
1194 2662 1446 2722 αἴσωπος
1469 2663 1516 2713 Ε
1621 2661 1722 2714 καὶ
1744 2680 1902 2729 saepe
1926 2665 2098 2713 metius
2122 2663 2343 2714 abesset

541 2733 574 2780 4
610 2724 752 2794 πρὸς
790 2723 977 2782 αὐτὸν
1009 2730 1068 2779 Μ
1238 2732 1271 2782 5
1310 2728 1489 2796 φησὶν
1525 2731 1570 2780 Ε
1721 2748 1951 2797 τηνταχ.
1987 2730 2051 2785 Α
2092 2729 2343 2794 (accentu

381 2801 536 2916 ἕγθαιζιιῖ
543 2798 1101 2947 ξιὲοἰηὲῃὲξτὸεῖσαι
1116 2790 1277 2928 ὃρὸτε
1299 2800 1350 2917 Sb
1367 2802 1444 2934 56
1421 2803 1593 2920 5621}oe
1628 2798 1826 2918 Ηφησέ)
1850 2791 2341 2933 ἓαρὲχῖῗςηῖξτη-

388 2936 451 2983 10
487 2924 646 3012 τύχει
683 2934 728 2982 Ε
871 2937 930 2983 11
970 2951 1082 2985 καν
1117 2935 1167 2984 V
1193 2935 1238 2985 R
1261 2935 1325 2997 A,
1362 2886 1444 2983 Dn
1437 2938 1467 2984 2
1507 2931 1619 2986 κάν
1655 2935 1699 2985 Ρ
1725 2936 1766 2984 Ζ
1903 2934 2112 3013 ποριάς
2150 2933 2199 2983 Φ

385 2994 617 3051 τοιόνδέ
651 3018 706 3051 τι
741 3000 1375 3079 MDQAREHJFZv
1411 2996 1641 3055 τοιονδέ
1677 3021 1732 3054 τι
1765 3005 1809 3054 Ρ
1916 3018 2025 3054 απ(
2048 3000 2254 3066 latificat
2283 3005 2338 3067 Q

547 3071 609 3117 12
647 3061 900 3136 ἀνάγκη]
943 3087 1017 3121 αν
1052 3087 1120 3120 m.
1158 3085 1263 3120 ree.
1303 3071 1343 3118 Z
1499 3061 1614 3122 ἀπὸ
1652 3074 1864 3123 πατεῖν
1898 3071 1952 3120 Η
2117 3073 2180 3120 13
2218 3070 2339 3121 θο-

386 3133 532 3201 ρυβῆ
567 3136 625 3184 Μ
799 3140 862 3188 14
900 3136 1216 3201 διαδρᾶναι
1260 3145 1381 3188 ante
1417 3139 1547 3203 τριά
1583 3156 1733 3190 nocua
1774 3138 1930 3205 βουλὶ
1967 3138 2033 3200 Z;
2082 3136 2339 3203 διαδρᾶ·

385 3217 482 3252 σαι
518 3204 566 3253 R
605 3198 922 3288 διαδραναι
961 3207 1008 3256 Φ
1165 3203 1265 3256 καὶ
1303 3224 1396 3259 om
1436 3207 1488 3256 D
1658 3210 1720 3257 15
1755 3206 1897 3258 ποία
1931 3207 1981 3257 V
2004 3207 2048 3258 Ρ
2217 3200 2338 3260 ἐστ.

385 3274 576 3351 factum
613 3290 681 3324 eae
720 3268 831 3326 εστ.
873 3276 917 3322 Ε
1074 3269 1187 3352 μεν
1219 3291 1314 3325 om.
1353 3275 1397 3337 Q
1425 3276 1474 3325 R
1622 3292 1696 3325 αν
1731 3266 2091 3326 κατέκαυσεν
2130 3273 2176 3335 Q

388 3343 450 3390 17
488 3328 581 3420 ov]
623 3358 696 3393 αν
735 3342 782 3392 Φ
889 3334 1293 3406 ἕκπυρωμὲνον
1328 3342 1398 3405 D,
1434 3346 1487 3393 in
1525 3344 1569 3404 Q
1607 3359 1680 3394 πε
1714 3359 1878 3408 supra
1911 3358 2112 3393 uersum
2146 3357 2219 3395 m.
2250 3359 2337 3407 pr.

521 3400 658 3475 ὅρου
682 3409 740 3457 Μ
777 3426 914 3460 corr.
944 3408 1001 3456 M
1025 3412 1054 3457 2
1171 3380 1463 3475 δρυμύτης
1498 3411 1565 3471 V,
1592 3411 1638 3460 E
1665 3410 1736 3474 H,
1774 3412 1869 3461 sed
1906 3411 1958 3461 722·
1992 3427 2061 3460 εα-
2095 3425 2239 3460 corr.
2281 3407 2361 3461 ἐπ’

389 3479 433 3538 Q
472 3494 492 3526 ι
530 3493 595 3529 m.
623 3494 699 3541 pr.
739 3494 809 3527 ex
845 3495 879 3526 v
917 3478 1150 3526 radendo
1184 3478 1311 3540 fecit
1483 3481 1546 3528 19
1582 3494 1847 3561 πεπηκας
1885 3479 1928 3527 Ρ
2068 3480 2136 3527 20
2174 3469 2335 3543 ἐπεὶ]

386 3541 482 3593 πεὶ
519 3543 568 3590 D
742 3541 866 3607 καὶ]
908 3536 969 3593 ἐν
1007 3543 1074 3606 Φ,
1114 3561 1205 3595 om.
1246 3545 1292 3606 Q
1467 3541 1631 3597 οἰκία
1664 3549 1717 3596 in
1754 3547 1801 3596 R
1844 3562 1984 3601 corr.
2022 3561 2092 3595 ex
2128 3541 2339 3596 οἰκίαν

388 3625 452 3662 m.
478 3625 556 3673 pr.
695 3626 939 3676 παραγκ.
978 3612 1020 3659 Ρ
1057 3619 1112 3659 ut
1144 3627 1302 3674 saepe
