2563 4087
395 242 522 307 228
1219 244 1466 309 Aesopus
1502 245 1528 295 1

396 402 519 472 τὸν
546 403 905 492 τράχηλον,
936 401 1314 490 πρόχειλος,
1341 403 1546 489 μέλας
1573 439 1660 449 --
1687 399 1852 470 ὅθεν
1878 403 1994 471 καὶ
2020 405 2144 470 τοῦ
2174 399 2355 470 ὀνό-

396 532 605 594 ματος
628 511 840 591 ἔτυχε·
870 501 1130 572 ταύτὸν
1147 503 1279 593 γὰρ
1300 512 1623 583 Αἴσωπος
1641 507 1736 595 τῷ
1752 510 2043 573 Αἰθίοπι
2063 540 2151 552 --
2171 528 2356 593 προ-

397 607 695 695 γάστωρ,
732 605 1012 695 βλαισός
1040 607 1155 674 καὶ
1183 605 1434 692 κυφός,
1470 605 1643 692 τάχα
1679 607 1794 675 καὶ
1830 605 1957 674 τὸν
1987 603 2355 694 Ὁμηρικὸν

401 716 734 798 Θερσίτην
770 711 853 796 τῇ
895 704 1281 796 αἰσχρότητι
1316 711 1438 776 τοῦ
1470 711 1700 787 εἴδους
1727 706 2351 796 ὑπερβαλλόμενος.

346 809 474 879 5τό
517 809 595 877 δὲ
631 809 715 895 δὴ
754 809 1033 878 πάντων
1085 813 1158 879 ἐν
1209 807 1399 900 αὐτῷ
1449 816 1784 898 χείριστον
1834 800 1920 894 ἦν
1967 809 2045 877 τὸ
2082 809 2355 898 βραδύ·

398 920 711 999 γλωσσον
747 913 863 980 καὶ
903 909 980 979 τό
1008 913 1129 998 τῆς
1159 913 1396 998 φωνῆς
1422 908 1686 998 ἄσημόν
1709 937 1782 980 τε
1807 912 1922 979 καὶ
1949 909 2354 999 ἀδιάρθρω-

396 1040 537 1081 τον.
589 1010 634 1080 ἃ
671 1013 896 1082 πάντα
923 1012 1037 1081 καὶ
1066 1018 1255 1082 δοκεῖ
1276 1012 1402 1099 τὴν
1430 1016 1755 1081 δουλείαν
1783 1013 2089 1103 Αἰσώπῳ
2117 1036 2353 1102 παρα-

401 1114 755 1184 σκευάσαι·
817 1116 932 1183 καὶ
980 1115 1115 1203 γὰρ
1164 1115 1248 1200 δὴ
1298 1115 1412 1182 καὶ
1459 1118 1700 1202 θαῦμα
1747 1110 1833 1182 ἂν
1868 1105 1977 1201 ἦν,
2026 1120 2091 1183 εἰ
2126 1112 2353 1195 οὕτως

399 1216 671 1297 ἀτόπως
712 1223 932 1304 ἔχοντι
967 1220 1087 1284 τοῦ
1129 1217 1440 1303 σώματος
1479 1217 1816 1303 ἐξεγένπο
1847 1216 1968 1295 τὰς
2008 1219 2146 1282 τών
2176 1218 2354 1285 δον-

322 1338 373 1378 10
401 1320 713 1388 λούντων
750 1317 963 1407 ἄρκυς
1000 1322 1384 1406 διαφυγεῖν.
1454 1316 1632 1386 ’ἀλλὰ
1680 1318 1758 1386 τὸ
1812 1317 1938 1405 μὲν
1975 1320 2167 1404 σῶμα
2204 1343 2353 1386 τοι-

402 1424 610 1490 οὖτον
655 1411 741 1507 ἦν
787 1423 883 1511 τῷ
911 1419 1171 1508 ἀνδρί·
1232 1419 1358 1506 τὴν
1408 1418 1485 1487 δὲ
1533 1419 1765 1506 ψυχὴν
1811 1418 2354 1506 ἄγχινούστατος

403 1523 730 1610 ἐπεφύκει
779 1523 895 1590 καὶ
947 1520 1117 1608 πρὸς
1169 1524 1477 1590 ἐπίνοιαν
1535 1523 1763 1590 πᾶσαν
1816 1520 2351 1608 ἐπηβολώτατος.

330 1645 358 1696 Ι
530 1623 604 1692 ‘0
647 1623 1047 1710 κεκτημένος
1086 1630 1327 1691 τοίνυν
1355 1621 1591 1710 αὐτόν,
1628 1620 1746 1691 ἅτε
1773 1622 1945 1711 πρὸς
1973 1620 2182 1690 οὐδὲν
2209 1625 2354 1691 τῶν

404 1724 596 1803 ἐντὸς
616 1731 837 1804 οἰκίας
860 1731 1078 1814 ἔργων
1099 1732 1366 1804 οἰκείως
1388 1731 1650 1813 ἔχοντα,
1672 1724 1991 1794 σκάπτειν
2009 1730 2108 1802 εἰς
2124 1722 2354 1814 ἀγρὸν

326 1846 375 1887 15
399 1826 882 1906 ἐξαπέστειλεν.
958 1821 994 1893 ὃ
1045 1825 1106 1894 δ’
1149 1825 1500 1912 ἀπελθών,
1549 1829 1673 1895 τοῦ
1727 1833 1931 1915 ἔργου
1969 1826 2354 1915 προθύμως

404 1939 634 2016 εἴχετο.
685 1926 1077 2019 ἀφικομένῳ
1114 1931 1198 1996 δέ
1218 1953 1379 1996 ποτε
1413 1929 1529 1995 καὶ
1565 1930 1660 1995 τώ
1698 1928 1992 2016 δεσπότη
2023 1927 2195 2015 πρὸς
2225 1928 2355 1996 τὸν

403 2029 620 2120 ἆγρὸν
642 2028 741 2119 ἐφ’
769 2060 821 2099 ω
839 2035 978 2099 τῶν
1001 2036 1219 2119 ἔργων
1252 2029 1623 2129 ἐπισκοπὴν
1652 2030 1902 2100 θέσθαι
1929 2029 2236 2118 γεωργός
2254 2058 2354 2110 τις

404 2136 583 2202 σῦκα
619 2138 759 2201 τῶν
796 2133 1083 2219 αγαθων
1121 2132 1551 2222 ὃρεψαμενος
1579 2136 1802 2221 δωρον
1846 2130 2147 2218 ἤνεγκεν.
2202 2128 2241 2199 ὃ
2282 2131 2348 2200 δ’

407 2236 517 2302 ἐπὶ
549 2238 643 2325 τῷ
672 2238 793 2319 τῆς
823 2232 1094 2322 ὀπώρας
1129 2233 1367 2322 ησθεὶς
1397 2232 1650 2326 ώραίω,
1670 2232 2088 2320 Ἀγαθόποδι
2112 2237 2208 2324 τῷ
2243 2241 2353 2303 οἰ-

545 2416 568 2463 1
610 2406 736 2480 τὸν]
788 2409 850 2464 τὸ
901 2413 996 2479 (Ζ)
1023 2415 1111 2465 b·
1097 2457 1112 2480 3,
1168 2407 1382 2481 μέτροις
1426 2412 1475 2463 Α
1588 2417 1618 2464 2
1663 2409 1876 2467 ταυτὸν
1921 2413 2272 2476 MDQAE
2300 2415 2353 2465 H

404 2511 509 2585 J'F
533 2552 568 2584 v
615 2542 670 2583 ut
706 2550 863 2598 saepe
1004 2532 1258 2584 αἶ’σωπον
1304 2535 1350 2584 Ε
1375 2533 1431 2583 H
1476 2531 1693 2592 ἔσωπος
1730 2535 1775 2596 Q
1915 2529 2020 2613 τῷ]
2061 2529 2123 2584 τὸ
2163 2534 2210 2595 Q

407 2599 657 2654 αἰθίωπι
691 2603 738 2653 Ε
764 2602 804 2651 Ζ
933 2606 963 2653 3
1000 2600 1097 2653 καὶ
1136 2593 1350 2668 κυφὰς]
1389 2595 1644 2669 κεκυφός
1679 2601 1725 2650 Ε
1763 2616 2029 2667 κεκυφως
2064 2602 2119 2666 Ρ,
2247 2594 2352 2652 τὸν

406 2739 497 2774 om.
538 2723 585 2785 Q
723 2724 758 2771 4
792 2715 1071 2803 θερόιτην
1107 2722 1152 2771 Ε
1238 2672 1750 2800 ὑπερβαῖλόμενος
1787 2721 1850 2783 Q,
1899 2722 2114 2770 alterum
2153 2720 2184 2770 λ
2221 2721 2349 2771 add.

407 2790 452 2851 Q
479 2792 510 2839 2
659 2792 691 2840 5
728 2783 814 2854 ἐν]
856 2782 949 2840 ἐπ’
1191 2781 1254 2841 τὸ
1292 2797 1411 2840 ante
1447 2788 1621 2855 βραὸ.
1654 2806 1746 2840 om.
1783 2788 1823 2837 Z
1982 2780 2350 2854 βραὸύγλωσ-

407 2854 550 2934 σον]
570 2870 638 2907 σσ
673 2874 744 2907 eae
778 2874 914 2908 corr.
949 2791 1034 2936 MQ
1144 2862 1176 2910 6
1223 2856 1411 2924 φονῆς
1447 2859 1494 2907 Α
1632 2860 1663 2907 7
1709 2854 1786 2907 τῶ
1823 2852 1936 2908 αἰσ.
2163 2871 2351 2934 παρα-

406 2938 653 2975 κευασαι
687 2925 738 2974 V
874 2928 906 2976 8
943 2914 1016 2978 ὃῖν
1050 2942 1145 2977 om.
1184 2924 1232 2976 Φ
1373 2919 1423 2976 ἐι
1461 2920 1674 2985 ου’στως
1708 2924 1753 2973 Ρ
1894 2926 1958 2974 12
2011 2915 2353 2989 ,πιβολώτα-

406 3008 501 3051 τος
537 2992 602 3054 V,
638 2993 736 3042 Α2
783 2992 878 3128 (nn
878 2995 931 3043 in
967 3010 986 3043 ι
1023 2996 1230 3044 mutauit
1263 2991 1313 3043 A
1336 2992 1390 3059 2)
1439 2984 1895 3058 ἔπιβονλώτατος
1930 2993 1976 3042 Ε
2002 2991 2057 3041 Η
2102 2983 2352 3057 ἕπηβου-

407 3106 657 3191 λώτατος
692 3110 731 3161 J
747 3079 1192 3191 ἐπηβολώτατος
1227 3112 1296 3176 Q,
1340 3114 1537 3178 η.αι1ιί
1577 3113 1623 3175 Q
1659 3114 1690 3161 2
1832 3114 1895 3162 13
1930 3102 2133 3190 ουδὲν]
2173 3103 2352 3161 οὐδὲν

407 3167 481 3245 ἦν
517 3181 563 3229 Α
692 3178 806 3230 τῶν
846 3170 1007 3238 ἐντὸς
1044 3195 1137 3229 om.
1172 3179 1219 3228 E
1245 3180 1298 3228 H
1323 3179 1362 3230 J
1384 3179 1430 3228 F
1453 3180 1494 3228 Z
1518 3179 1570 3229 K
1593 3198 1630 3231 v
1666 3179 1783 3231 τῶν
1807 3171 1981 3238 ἕντός
2016 3176 2118 3245 τῆς
2155 3175 2352 3235 οἰκίας

407 3249 453 3310 Q
492 3243 685 3304 οἰκίας
716 3249 843 3310 fecit
877 3264 948 3298 επ·
983 3241 1218 3325 οἰκείας
1237 3249 1284 3297 Α
1309 3251 1340 3297 2
1499 3250 1562 3297 14
1601 3243 1766 3313 ἔργον
1801 3263 1939 3298 corr.
1978 3263 2050 3296 ex
2084 3240 2264 3312 ἔργων
2300 3243 2349 3293 E

528 3318 591 3366 15
628 3307 967 3367 ἀπέστειλεν
1004 3315 1049 3363 Α
1203 3304 1232 3365 ὃ
1272 3307 1332 3366 δ’
1372 3317 1576 3366 restitui
1609 3317 1790 3380 ubique
1833 3332 1940 3365 cum
1984 3320 2178 3393 parte
2187 3314 2349 3364 libro-

406 3402 515 3435 vum
696 3375 1011 3449 προθύμως
1047 3380 1149 3433 τοῦ
1186 3378 1356 3450 ἕργου
1404 3383 1450 3432 Ε
1477 3383 1532 3433 Η
1554 3383 1593 3434 J
1617 3385 1662 3434 F
1690 3384 1741 3433 K
1765 3383 1805 3432 Ζ
1828 3399 1864 3433 v
2040 3384 2104 3433 16
2140 3372 2350 3458 ἀφικο-

408 3450 561 3515 μένω
596 3456 649 3503 in
685 3469 847 3517 marg.
883 3452 935 3502 K
1055 3445 1156 3501 τὸν
1193 3468 1287 3504 om
1322 3452 1396 3514 V,
1435 3443 1570 3511 τοὺς
1605 3452 1650 3501 Ρ
1679 3454 1724 3515 1,
1761 3444 1862 3503 τὸν
1896 3451 1941 3500 Ρ
1967 3453 1996 3500 2
2123 3452 2185 3499 17
2222 3440 2349 3514 ἒφῷ

408 3520 465 3569 M
491 3521 536 3581 Q
564 3521 610 3569 A
632 3520 687 3569 H
711 3521 748 3571 J
772 3520 817 3569 F
922 3511 1140 3569 ὃόσθαι
1176 3518 1225 3569 R
1329 3514 1538 3585 γεωρός
1562 3521 1608 3569 Α
1632 3537 1666 3585 γ
1690 3521 1818 3569 add.
1841 3518 1890 3568 A
1912 3521 1944 3569 2
2053 3520 2115 3569 18
2139 3507 2350 3584 ἤνεγκε

410 3588 474 3649 Α,
513 3588 559 3636 Ρ
595 3604 667 3636 ex
692 3603 828 3636 corr.
853 3602 920 3635 m.
946 3602 1026 3650 pr.
1110 3588 1173 3637 19
1200 3579 1399 3653 ἆγαθο
1424 3590 1475 3636 in
1498 3586 1557 3636 M
1580 3588 1870 3637 abscissum.
1900 3577 2273 3652 ἆγαθόπαιδι
2300 3583 2349 3634 Φ
