2563 4087
1010 253 1259 314 Aesopus
1296 246 1321 298 1
1479 196 1484 201 ⁶
2013 246 2137 309 227

177 408 256 488 ἐξ
298 396 398 477 ὧν
435 403 480 473 ἃ
516 406 643 492 μὲν
674 406 1049 484 κινδύνους
1080 407 1581 493 ἐπηρτημένους
1618 403 1853 484 αὐτοῖς
1881 408 2138 494 διέδρα,

175 505 225 576 ἃ
268 507 365 576 δὲ
385 514 702 596 μεγίστης
742 510 816 577 ἐν
853 522 996 587 τοῖς
1031 513 1317 595 καιρίοις
1353 510 1470 594 τῆς
1509 506 1837 594 ὠφελείας
1881 514 2134 593 ἔτυχεν.

176 602 395 690 οὗτος
422 617 665 679 τοίνυν
693 608 729 677 ὁ
760 610 881 678 τὸν
908 607 1069 677 καθ’
1101 607 1317 678 αὐτὸν
1344 617 1501 698 βίον
1529 609 1913 697 φιλοσόφου
1944 617 2136 678 πολι-υ

174 720 374 791 τείας
416 710 652 781 εἰκόνα
690 712 1110 800 προθέμενος
1150 712 1265 780 καὶ
1310 717 1528 799 ἔργοις
1556 707 1886 798 μᾶλλονῆ
1915 710 2137 798 λόγοις

174 813 684 902 φιλοσοφήσας,
718 814 795 880 τὸ
833 812 960 900 μὲν
986 815 1186 898 γένος
1225 813 1291 892 ἐξ
1313 812 1635 902 Ἀμορίου
1675 817 1793 898 τῆς
1826 821 2136 901 Φρυγίας
2164 838 2189 878 5

175 918 438 1001 κατῆγε
471 916 591 1000 τῆς
626 915 919 1002 μεγάλης
959 918 1336 1002 ἐπίκλησιν,
1373 913 1506 1002 τὴν,
1534 913 1610 982 δὲ
1646 904 1861 1001 τῦχην
1899 918 2139 1002 γέγονε

178 1019 459 1097 δοῦλος.
520 1016 630 1103 ἐφ’
676 1007 728 1108 ᾧ
766 1018 880 1085 καὶ
909 1016 1179 1105 σφόδρα
1204 1043 1327 1105 μοι
1363 1022 1553 1085 δοκεῖ
1576 1016 1652 1084 τό
1693 1020 1814 1084 τοῦ
1849 1016 2138 1086 Πλάτω-
2224 1100 2228 1104 ,

176 1146 305 1198 νος
336 1121 415 1188 ἐν
444 1127 703 1208 Γοργίᾳ
731 1121 955 1198 καλῶς
991 1118 1128 1205 ἅμα
1156 1121 1271 1187 καὶ
1302 1118 1575 1206 ἀληθῶς
1614 1121 1952 1206 εἰρῆσθαι·
1997 1117 2138 1205 „dg

177 1222 265 1290 τὰ
289 1220 512 1289 πολλοὶ
534 1220 666 1309 γὰρ
693 1218 957 1289 ταῦταίί
984 1227 1196 1308 φησίν
1228 1224 1554 1308 ,,ἐναντία
1583 1218 1896 1305 ἀλλήλοις
1928 1223 2135 1304 ἐστίν,

66 1332 74 1339 ’
178 1321 224 1409 ’ἦ
254 1349 331 1391 τε
360 1323 568 1409 φύσις
596 1325 711 1391 καὶ
742 1321 777 1390 ὁ
810 1320 1087 1410 νόμος“.
1128 1322 1464 1392 Αἰσώπου
1502 1320 1634 1409 γὰρ
1670 1322 1795 1410 τὴν
1831 1321 2059 1409 ψυχὴν
2093 1320 2134 1409 ἡ
2166 1349 2214 1386 ιο

178 1424 314 1512 μὲν
343 1422 553 1511 φ’ὕσις
587 1427 958 1515 ἐλευθέραν
986 1423 1359 1508 ἀπέδωκεν,
1390 1423 1425 1491 ὁ
1456 1424 1532 1493 δὲ
1561 1423 1709 1511 παρ’
1744 1423 2137 1512 ἀνθρώπων

177 1527 399 1614 νόμος
424 1527 502 1593 τὸ
524 1529 716 1614 σῶμα
746 1528 914 1614 πρὸς
942 1531 1267 1595 δουλείαν
1289 1526 1603 1595 ἀπέδοτο.
1651 1520 1893 1612 ’ἴσχυσε
1910 1527 2138 1614 μέντοι

180 1627 338 1697 οὐδ’
411 1626 589 1697 οὕτω
649 1633 732 1716 τῇ
796 1630 912 1714 τῆς
962 1631 1184 1715 ψυχῆς
1255 1631 1616 1720 ἐλευθερία
1678 1628 2135 1715 λυμήνασθαι,

179 1730 363 1799 ἀλλὰ
398 1737 621 1799 καίτοι
668 1728 838 1819 πρὸς
887 1730 1100 1798 πολλοὶ
1152 1732 1270 1799 καὶ
1322 1730 1699 1816 πολλαχόσε
1734 1733 2134 1819 μεταφέρων
2175 1766 2215 1805 p.
2244 1756 2267 1794 6
2297 1755 2336 1795 b.

178 1833 257 1900 τὸ
303 1836 522 1918 σῶμα,
565 1834 682 1918 τῆς
722 1838 979 1911 οἰκείας
1010 1835 1274 1919 ἐκείνην
1306 1835 1508 1921 ἕδρας
1543 1831 1670 1918 οὐχ
1699 1827 1843 1910 οἷός
1877 1830 1938 1900 τ’
1983 1835 2134 1919 ἐγέ-
2165 1858 2213 1896 15

180 1960 343 2004 νετο
380 1936 803 2020 μεταστῆσαι.
872 1934 1199 2020 ἐτύγχανε
1236 1932 1300 2001 δ’
1346 1929 1442 2000 ὢν
1479 1932 1562 2002 οὐ
1609 1933 1823 2020 μόνον
1859 1938 2133 2019 δοῦλος,

181 2035 361 2106 ἀλλὰ
404 2037 519 2104 καὶ
573 2038 1053 2106 δυσειδέστατα
1095 2038 1233 2104 τῶν
1281 2033 1376 2104 ἐπ’
1421 2034 1639 2104 αὐτοῦ
1685 2034 1964 2104 πάντων
2005 2034 2132 2103 οἰν-

177 2140 496 2226 θρώπων
515 2136 669 2225 εἶχε.
705 2140 821 2207 καὶ
848 2138 983 2227 γαρ
1003 2136 1210 2225 φοξὸς
1235 2128 1347 2226 ἦν,
1376 2136 1568 2226 σιμὸς
1587 2137 1712 2223 τὴν
1734 2141 1918 2226 ῥῖνα,
1945 2138 2134 2226 σιμὸς

1702 2269 1733 2302 τ

288 2325 313 2370 1
358 2309 398 2369 ἃ
423 2314 551 2387 μὲν]
582 2308 619 2370 ἃ
646 2336 739 2370 om.
769 2320 850 2382 (Z)
878 2320 913 2369 b
1020 2311 1376 2383 ἐπηρμένους
1401 2319 1441 2368 Ζ
1466 2335 1502 2368 v
1528 2269 1884 2386 ἐπηρμέῖιους
1912 2320 1958 2369 F
1995 2270 2135 2383 ἐπηῗ

179 2383 472 2454 τημὲνους
509 2392 554 2437 A
590 2406 621 2454 ρ
661 2390 782 2438 add.
820 2389 867 2436 A
893 2391 923 2436 2
1065 2379 1266 2447 αὐτοῖς
1312 2404 1405 2438 om.
1445 2388 1508 2438 Φ.
1558 2390 1610 2437 in
1645 2388 1703 2436 M
1748 2379 1952 2444 αὐτοῖς
1996 2404 2134 2437 corr.

180 2472 253 2507 ex
293 2447 509 2513 αὐτούς
648 2457 678 2505 2
726 2454 1016 2520 μεγίστοις
1052 2455 1101 2505 R
1123 2455 1171 2504 E
1197 2456 1277 2517 H,
1321 2458 1372 2505 in
1408 2455 1459 2503 D
1495 2471 1563 2504 m.
1601 2471 1681 2520 pr.
1718 2472 1786 2519 ης
1826 2457 2019 2517 sactum
2065 2471 2134 2504 ea:

181 2540 273 2582 οις
404 2527 627 2588 καιροῖς
665 2524 711 2571 R
838 2521 940 2588 τῆς
977 2540 1068 2574 om.
1097 2525 1143 2586 Q
1283 2518 1507 2601 ἔτυχεν]
1547 2540 1581 2572 ν
1617 2525 1823 2573 euanuit
1855 2526 1909 2572 in
1941 2521 2001 2571 M

181 2595 212 2642 3
249 2581 386 2641 κατ’
426 2583 605 2642 αὐτὸν
645 2593 691 2641 V
728 2583 866 2642 καθ’
906 2582 1114 2642 ἑαυτὸν
1150 2591 1209 2639 Μ
1243 2584 1382 2642 καθ’
1424 2582 1606 2642 αυτὸν
1641 2591 1687 2639 Ε
1827 2592 1858 2639 5
1897 2590 2133 2653 φιλοσο-

183 2708 367 2773 φίσας
403 2709 451 2758 R
474 2709 519 2758 P
625 2671 870 2774 ἆμόριόυ
893 2709 962 2772 D,
1000 2727 1044 2759 ω
1068 2712 1187 2763 add.
1228 2710 1267 2757 D
1289 2713 1338 2758 2-
1426 2712 1455 2759 7
1494 2709 1637 2759 Plat.
1666 2707 1829 2772 Gorg.
1856 2711 1955 2759 482
1990 2716 2129 2759 eoetr.

179 2780 232 2838 2,
261 2778 347 2838 80,
375 2778 406 2827 6
429 2776 530 2830 Bk.
637 2780 668 2828 8
698 2767 978 2843 ἧρεῑσθαι
1001 2777 1051 2827 V
1155 2781 1184 2827 9
1222 2769 1356 2844 γὰρ]
1396 2772 1462 2828 δὲ
1489 2777 1679 2826 Plato:
1706 2793 1866 2842 quare
1891 2770 2000 2842 γὰρ
2025 2793 2132 2827 eum

181 2842 366 2911 φησὶν
387 2848 786 2924 coniungendam
803 2847 1022 2896 uidetur.
1044 2837 1113 2895 τὰ
1134 2862 1190 2895 π.
1211 2841 1320 2911 γὰρ
1341 2863 1370 2896 τ
1385 2852 1703 2927 fuanuerunt
1714 2844 1834 2895 inM
1904 2837 2131 2924 ἐναντί’

179 2911 316 3031 ἷξοῗ
336 2988 388 3030 22
424 2915 847 3045 ᾗούὲῗῖσὲἶιιοῗὲς
857 2914 1426 3047 Δόςῗᾷἇῖἑαὶῗαῖἇιῖἶηῗ
1441 2929 1814 3046 ρῗῖἶῖἑνῖἷῗιῗέ.
1842 2915 2128 3047 Μακῖιλῗὲ]

181 3040 211 3099 ὃ
253 3065 351 3099 om.
386 3048 436 3098 R
611 3052 670 3099 11
708 2999 884 3115 noeq'ffh
909 3046 1039 3113 περὶ
1082 3049 1126 3097 R
1303 3054 1364 3098 12
1400 3041 1652 3099 ἀπέδετο
1690 3050 1734 3099 A
1786 3041 2049 3100 α’πὲδωτο
2085 3052 2130 3099 Ρ

182 3107 425 3167 οὖδῶτω
460 3117 505 3166 Ρ
614 3120 677 3168 13
714 3110 823 3181 τήν
859 3134 906 3167 τ.
944 3125 1009 3180 ψ.
1051 3111 1395 3181 ἐλευθερίαν
1430 3117 1476 3165 F
1498 3117 1535 3167 J
1557 3117 1599 3166 Z
1623 3133 1658 3166 v
1697 3109 1761 3167 τὰ
1800 3134 1847 3167 τ.
1882 3125 1947 3180 ψ.
1974 3109 2132 3168 ἕλευ-

181 3183 398 3248 &socan
440 3184 509 3246 D,
561 3201 829 3249 suprascr.
876 3200 949 3250 ην
993 3185 1044 3234 D
1080 3188 1131 3249 2,
1190 3183 1290 3249 τῆς
1336 3184 1438 3261 τῆς
1484 3193 1548 3248 ψ.
1598 3177 1941 3249 ἐλευθερίας
1977 3186 2041 3247 Ε,
2079 3185 2133 3233 Η

184 3251 249 3315 (ἱ.
291 3269 319 3310 ς
355 3254 525 3315 priori
569 3255 785 3304 articulo
831 3258 1016 3317 postea
1054 3252 1301 3316 adiecta),
1350 3244 1820 3317 τη-ἕλευθερία
1858 3253 1903 3313 Q
1934 3255 1961 3302 1
1998 3255 2132 3301 unde

182 3319 228 3382 Q
256 3323 288 3370 2
322 3321 455 3384 fecit
489 3313 1036 3386 τὴν-ἐλευθερίαν
1162 3323 1225 3370 14
1261 3316 1589 3384 μεταφέρον
1626 3322 1671 3382 Q
1799 3323 1861 3370 15
1900 3313 2131 3383 ἐκείνην

182 3395 303 3438 ante
339 3386 444 3454 τῆς
481 3384 590 3440 οἰκ.
628 3390 674 3438 Α
814 3380 937 3454 οὐχ’
979 3389 1030 3438 D
1057 3390 1102 3450 Q
1129 3389 1174 3437 A
1211 3397 1263 3438 ut
1298 3405 1458 3452 saepe
1596 3383 1716 3447 οἷος
1752 3385 1803 3438 τ’
1850 3387 1909 3435 Μ
1933 3386 1983 3435 D
2010 3387 2055 3447 Q
2082 3386 2129 3435 E

182 3490 237 3540 Η
261 3489 310 3539 Α
333 3490 371 3539 J
394 3490 441 3540 F
473 3492 592 3555 fere
614 3490 795 3573 ybique
934 3491 997 3540 16
1035 3456 1184 3556 ἕτγύχ.
1214 3491 1259 3552 Q
1299 3481 1484 3554 μόνως
1507 3490 1545 3539 J
1669 3491 1731 3539 17
1759 3484 2128 3566 δυσειδξστα-

187 3573 283 3627 τον
324 3558 371 3622 Q
538 3550 655 3623 ἐπ]
693 3550 789 3609 απ’
826 3558 874 3608 R
1024 3560 1088 3608 18
1128 3561 1283 3624 εἶχεν
1319 3557 1377 3606 Μ
1403 3557 1453 3607 R
1613 3561 1824 3607 alterum
1862 3569 2025 3620 σιμος
2062 3572 2131 3606 ea:

182 3618 355 3691 σιμὸν
386 3627 515 3689 fecit
548 3626 596 3675 A
619 3628 651 3676 2
706 3686 713 3693 ,
1619 3660 1718 3709 15*
