2563 4087
1041 260 1289 327 Aesopus
1325 262 1353 311 I
1419 292 1426 297 ·
1699 242 1702 245 Ι
1897 284 1906 295 ⁹
2041 240 2170 328 235

219 423 445 488 ἵνα-τι
479 417 772 506 χρηστὸν
809 426 1134 506 πρίωμαι·
1172 420 1300 487 σοῦ
1340 418 1418 487 δὲ
1453 416 1650 500 ὄντος
1676 419 2014 508 ἀχρήστου
2050 424 2166 490 καὶ

193 521 497 608 σαπροῦ
528 517 611 589 οῦ
639 518 928 608 wyte-0⁶⁶.
979 521 1095 588 καὶ
1124 518 1159 586 ὁ
1187 522 1531 601 Αἴσωπος·
1572 518 1886 609 ,,ὤνησαί
1913 549 2015 615 με,
2053 526 2166 593 καὶ

212 632 293 691 εἴ
319 629 426 702 τίς
466 624 603 690 ἐστι
636 630 885 709 πίστις,
921 621 1142 690 πολλά
1177 640 1253 691 σε
1290 618 1811 709 ὠφελῆσαιοῖός
1846 622 1906 691 τ’
1934 623 2162 712 ·ει’μί“.

211 724 338 792 καὶ
388 720 498 803 ὅς·
554 729 675 810 ,,τί
704 721 771 792 δ’
814 719 899 790 ἂν
942 725 1074 792 ’σοῦ
1127 721 1443 811 ὀναίμην,
1493 724 1920 812 στυγήματος
1971 723 2165 806 ὄντος

210 822 697 912 αύτόχρημα“;
723 822 892 893 καὶὸ
920 834 1274 905 Αἴσωπος·
1317 824 1453 912 ,,ού
1484 826 1775 914 πάρεστί
1798 847 1902 898 σοι
1930 832 2164 897 παιδία
2190 859 2216 898 5

208 937 398 996 οἴκοι
442 924 871 994 ἀτακτοῦντα
918 928 1034 995 καὶ
1070 932 1435 1009 κλαίοντας
1483 927 1748 1007 τούτοις
1801 930 2165 1018 ἐπίστησον

210 1055 302 1115 με
351 1028 818 1117 παιδαγωγόν,
878 1028 994 1096 καὶ
1045 1023 1317 1108 πάντως
1366 1026 1604 1109 αὐτοῖς
1655 1027 1810 1097 ἀντὶ
1857 1032 2164 1119 μορμοῦς

212 1127 526 1217 ἔσομαι.“
601 1130 892 1216 γελάσας
942 1120 1071 1197 οῦν
1122 1130 1232 1198 ἐπὶ
1281 1129 1554 1209 τούτοις
1588 1128 1624 1198 ὁ
1664 1130 1956 1219 ἔμπορός
2004 1152 2166 1219 φησι

210 1236 318 1323 τῷ
372 1228 599 1320 Ζὴνᾷ·
655 1230 922 1317 ,,πόσου
954 1231 1032 1299 τὸ
1070 1230 1286 1299 κακὸν
1318 1231 1477 1300 τόδε
1511 1238 1759 1312 πωλεῖς
1796 1230 2162 1318 ἀγγεῖονίίς

212 1329 253 1400 ὃ
283 1333 369 1401 δέ
396 1333 698 1421 ,,τριῶνίί
729 1339 940 1420 φησίν
970 1331 1360 1420 ,,ὀβολῶνίί.
1415 1331 1453 1400 ὁ
1495 1332 1561 1401 δ’
1597 1339 1888 1422 ἔμπορος
1914 1333 2163 1402 αὐτίκα
2191 1364 2240 1403 ιο

206 1434 384 1514 τούς
410 1429 912 1523 τρεῖςὸβολοῦς
944 1434 1374 1521 κατεβάλετο,
1411 1437 1632 1521 λέγων
1672 1433 1928 1522 ,,ούδὲν
1964 1460 2160 1503 κατε-

202 1537 465 1623 θέμην,
493 1537 608 1604 καὶ
635 1534 845 1605 οῦδὲν
874 1534 1275 1624 ἐπριάμηνιι.
1330 1532 1772 1605 ὁδευσάντων
1795 1541 2164 1625 τοιγαροῦν

204 1638 334 1707 καὶ
384 1635 819 1726 ἀφικομένων
880 1635 1112 1705 αὐτῶν
1161 1643 1420 1725 οἴκαδε,
1475 1639 1794 1727 παιδάρια
1843 1638 1971 1708 δύο
2020 1637 2160 1706 ὕπὸ

203 1740 421 1826 μητρὶ
453 1745 549 1807 ἔτι
574 1743 927 1824 τελοῦντα,
963 1735 1084 1806 τόν
1113 1748 1442 1809 Αἴσωπον
1472 1740 1709 1819 ἰδόντα
1744 1741 1861 1809 καὶ
1899 1758 2164 1826 συγχυ-

208 1842 433 1910 θέντα
468 1836 814 1929 ἀνέκραξε.
885 1841 1000 1908 καὶ
1049 1837 1085 1907 ὁ
1124 1840 1446 1920 Αἴσωπος
1493 1840 1712 1920 εὐθύς
1752 1844 1848 1931 τῷ
1889 1842 2161 1931 ἐμπόρῳ
2191 1869 2241 1910 15

212 1947 465 2030 φησίν·
516 1948 733 2031 ,,ἔχεις
768 1968 901 2029 μου
937 1946 1056 2027 τῆς
1096 1944 1500 2028 ἐπαγγελίας
1537 1940 1950 2023 ἀπό-δειξινίί.
2015 1938 2052 2009 ὃ
2087 1941 2165 2010 δὲ

210 2043 532 2132 γελάσας,
565 2042 994 2132 ,,είσελθοίν“
1026 2052 1236 2131 φησίν
1260 2046 1670 2133 ,,ἐνδοτέρω,
1691 2040 1987 2112 ἅσπασαι
2004 2045 2163 2123 τοῦς

204 2146 656 2226 συνδούλους
692 2144 889 2215 σου“.
962 2145 1085 2213 τὸν
1134 2144 1210 2213 δὲ
1263 2145 1664 2214 εἰσελθόντα
1697 2147 1813 2213 καὶ
1849 2143 2164 2214 ἀσπασά-

211 2274 427 2336 μενον
467 2248 726 2327 ἰδόντες
766 2250 1032 2334 ἐκεῖνοι,
1087 2254 1207 2334 ,,τί
1235 2271 1397 2315 ποτε
1433 2244 1564 2336 ἄρα
1593 2245 1803 2316 κακὸν
1839 2252 1934 2339 τῷ
1971 2245 2162 2335 ἡμῶν

202 2348 564 2438 δεσπότῃα
605 2357 781 2436 φασί
812 2350 1309 2437 ,,συμβέβηκεν,
1365 2345 1466 2416 ὅτι
1501 2349 1839 2436 σωμάτιον
1876 2348 2163 2436 αἰσχρὸν
2190 2378 2241 2417 20

357 2481 383 2528 1
435 2469 603 2546 ὄντος
640 2471 766 2544 ἀχρ.
804 2479 878 2528 V:
927 2470 1096 2536 ὄντος
1138 2485 1257 2543 post
1294 2476 1517 2542 σαπροῦ
1564 2482 1831 2530 conlocant
1865 2480 2030 2527 ceteri

214 2549 249 2596 2
290 2540 472 2613 ὤνησέ
509 2562 579 2611 με
615 2546 665 2596 V
690 2547 740 2595 D
775 2537 1004 2611 ὤνησαί
1031 2561 1138 2610 μαι
1172 2546 1217 2595 Ρ
1323 2549 1355 2596 3
1389 2539 1673 2596 πολλάσαι
1709 2545 1754 2595 Ρ
1858 2536 1983 2602 οἷός
2014 2536 2076 2594 τέ
2112 2543 2165 2592 U

353 2617 389 2664 4
423 2613 531 2666 σοῦ
567 2614 814 2675 om.Zv;
853 2628 956 2664 σου
991 2613 1192 2675 MVQ
1224 2612 1705 2676 QREHUJa‚
1744 2613 1828 2662 ed.
1863 2611 2052 2662 Neuel.

212 2672 483 2762 ὀναίμην
517 2685 566 2732 V
740 2675 1097 2748 στηγήματος
1133 2681 1177 2731 Ρ
1200 2681 1253 2731 U
1299 2674 1658 2746 συστήματος
1693 2681 1739 2730 Ε
1914 2681 1945 2730 5
1993 2669 2162 2730 αὖτό-

212 2761 373 2865 χρημα
408 2799 456 2848 Α
500 2816 531 2863 ρ
575 2801 696 2853 add.
735 2799 784 2849 A
806 2802 863 2849 2:
911 2802 1082 2866 qualia
1122 2803 1320 2879 plergcm
1358 2815 1419 2849 ue
1459 2800 1818 2881 praetesmitlo
1941 2799 1986 2874 ,6
2030 2781 2163 2848 κλέ-

221 2882 366 2917 οντα
400 2866 455 2916 U
628 2870 658 2918 7
694 2883 919 2926 παντας
955 2868 1007 2917 U
1177 2882 1321 2918 αντε
1351 2883 1378 2926 ς
1413 2867 1458 2916 Ρ
1615 2879 2002 2932 αντιμορμους
2039 2864 2085 2914 F
2111 2866 2166 2915 H

355 2937 388 2985 8
434 2930 684 2999 τούτοις]
732 2929 916 3001 τούτῳ
961 2936 1006 2985 F
1031 2935 1068 2985 J
1091 2935 1142 2984 K
1167 2935 1201 2984 b
1245 2932 1431 2986 τοῦτω
1474 2934 1528 2984 U
1555 2931 1682 2999 (Z‘?)
1822 2937 1854 2985 9
1890 2928 2049 2999 τόδε]
2099 2928 2161 2983 τὸ

215 2997 1111 3054 δὲΒτοῦτοΕΗῦῙῦῐῙΖν·
1217 3002 1493 3062 πολεῖςΖ
1634 2995 2164 3053 ῙΟδὲΕΗΠΖῙ)

358 3072 418 3118 11
456 3068 840 3136 κατεβάλλετο
876 3070 923 3118 Ε
948 3071 1002 3120 Η
1025 3070 1063 3119 J
1087 3070 1132 3118 F
1160 3069 1202 3119 Z
1225 3069 1278 3119 U
1301 3085 1338 3118 v
1501 3072 1565 3119 14
1612 3064 1695 3121 ἔτι
1741 3074 2010 3120 conlocant
2045 3076 2165 3117 ante

212 3128 335 3188 ῦπό
371 3153 430 3200 μ.
467 3138 514 3187 F
537 3138 574 3188 J
599 3140 650 3189 K
674 3137 727 3187 U
749 3138 789 3187 Z
814 3153 851 3186 v
989 3132 1209 3188 ἕσωπον
1247 3136 1293 3184 Ε
1438 3140 1500 3188 15
1537 3128 1813 3202 ἀνέκραζε
1852 3138 1898 3186 R
2033 3131 2166 3186 ἔσω·

213 3220 323 3263 πος
357 3204 405 3255 E
547 3208 610 3259 16
648 3203 791 3272 φησὶ
831 3205 878 3256 Φ
904 3206 950 3256 Ε
974 3205 1030 3253 H
1168 3220 1265 3270 μοι
1302 3203 1347 3254 Ρ
1487 3203 1589 3269 τῆς
1626 3208 1678 3255 in
1713 3206 1759 3254 A
1794 3206 1918 3255 add.
1954 3204 2003 3260 A
2030 3206 2061 3253 2

206 3265 599 3337 ἐπαγγελλίας
634 3276 681 3324 A
728 3265 968 3338 ἔμπαγγ.
1006 3273 1048 3322 Ρ
1181 3267 1290 3337 τὴν
1335 3261 1677 3334 ἀπόδειξινῗ
1815 3268 1865 3337 .]
1906 3289 1922 3333 ;
1963 3270 2010 3332 Q

216 3343 281 3390 17
319 3334 569 3406 γελάσας
614 3342 667 3390 in
702 3344 885 3392 lacuna
927 3341 1043 3402 fere
1082 3347 1236 3390 totum
1265 3342 1430 3404 periit
1482 3342 1534 3389 in
1557 3339 1615 3387 M
1753 3330 2034 3402 ἐνδοτέρω
2070 3354 2166 3388 om.

214 3457 262 3506 E
289 3459 416 3538 HJ*
440 3459 478 3508 J
502 3459 551 3508 K
577 3459 617 3507 z
642 3458 694 3508 U
719 3475 754 3507 v
814 3429 819 3435 ’
885 3460 946 3508 18
981 3472 1085 3510 σου
1121 3473 1214 3508 om.
1242 3458 1294 3538 ρ
1427 3418 1733 3508 ἐῖἒιθόντα
1768 3454 1814 3504 A
1852 3469 1913 3506 σε
1949 3454 1998 3504 Α
2020 3457 2054 3504 2

217 3528 280 3576 19
319 3543 434 3592 αρα
469 3526 525 3576 Η
561 3518 674 3591 ἄρα
710 3526 757 3575 Ε
792 3528 889 3577 sed
920 3517 961 3575 δι’
997 3532 1115 3577 mut.
1153 3527 1204 3574 ἰη
1240 3541 1279 3575 α
1416 3517 1603 3590 ἡμῶν]
1640 3516 1755 3588 §aaa
1790 3523 1838 3571 R
1965 3524 2033 3574 20
2072 3520 2168 3573 δε-

209 3586 438 3660 σπότην
473 3594 518 3643 Ρ
659 3591 842 3660 φασὶν
877 3595 924 3656 Q
963 3590 1107 3657 φησὶ
1144 3593 1190 3643 Ε
1214 3592 1271 3642 Η
1409 3587 1626 3657 συνέβη
1665 3590 1712 3641 Φ
