2563 4087
967 254 1119 306 v111.
1158 256 1193 309 i.
1236 257 1280 304 1.
2006 250 2093 315 89

158 404 354 482 τίπα,
392 397 569 485 πρὸς
605 396 768 474 τούς
805 394 1250 482 μεγιστάνους
1291 401 1417 482 ἔφη
1454 392 1556 463 ὅτι
1595 394 1847 482 ,,πάλιν
1873 393 2088 463 ἄκου’·
2107 423 2292 470 p.11213.

161 520 375 585 σωμεν
394 502 521 567 τοῦ
542 496 929 567 Συντίπα.“
953 499 1066 564 καὶ
1089 492 1163 576 ὃς
1183 496 1595 585 ἁπεκρίνατο
1614 495 1716 563 ὅτι
1736 495 2093 584 ,,γνωστόν

157 601 266 670 καὶ
301 599 480 687 ’ὑμῖν
505 605 716 686 ἔστω,
752 596 856 666 ὅτι
890 601 1030 667 πᾶν
1063 600 1235 680 ζῶον
1274 602 1347 667 ἐκ
1382 602 1552 666 θεοῦ
1592 598 2093 686 δημιουργηθὲν

155 703 260 769 καὶ
326 704 401 770 ἐν
462 703 681 791 ἑαυτῷ
716 705 893 789 ,ἔχον
957 700 1254 787 δύναμιν
1318 699 1598 784 ζωτικὴν
1660 697 1866 768 ου’δὲν
1927 699 2093 767 ἄλλο

156 801 426 889 τρώγει,
480 809 547 871 εἰ
589 803 678 889 μὴ
710 799 878 889 ὅπερ
915 802 1322 890 προσέταξεν
1372 799 1556 891 αὐτῷ
1609 799 1646 868 6
1682 800 1866 879 θεός.
1951 809 2088 869 λοι·
2122 829 2147 868 5

156 905 283 972 πόν
318 903 437 972 καὶ
486 902 525 972 6
564 908 819 982 λοῦπος
869 906 941 971 ἐκ
987 905 1127 971 τῶν
1162 907 1281 989 τῆς
1319 905 1443 988 γῆς
1493 900 1682 985 ζώων
1729 903 2096 993 τρέφεσθαι

156 1012 464 1091 ταχθείς,
520 1004 825 1084 άναίτιός
877 1008 1057 1073 ἐστιν
1111 1006 1221 1072 ἐπὶ
1270 1009 1367 1095 τῷ
1406 1002 1807 1091 συμβάντι.“
1889 1005 2004 1072 καὶ
2055 1002 2091 1070 6

157 1107 498 1205 βασιλεύς,
532 1109 748 1176 ταῦτα
784 1104 1121 1183 εἰπόντων
1155 1108 1294 1174 τῶν
1323 1105 1720 1191 φιλοσόφων
1746 1107 1863 1173 καὶ
1890 1100 2094 1173 υστε-

162 1236 273 1295 ρον
307 1211 436 1277 τοῦ
482 1217 836 1294 Συντίπα,
891 1210 1281 1286 ε’νατενίσας
1332 1211 1427 1297 τῷ
1475 1211 1610 1297 υἱῷ
1660 1205 1876 1274 αὐτου
1933 1212 2092 1293 ἔφη

164 1309 711 1399 ,,ὖπολαμβάνω,
746 1311 897 1396 υἰέ,
947 1335 1038 1388 ως
1092 1313 1165 1376 οἱ
1196 1309 1528 1397 παρόντες
1577 1297 1765 1375 οὗτοι
1814 1304 2094 1395 φιλόσο-
2123 1335 2173 1372 10

164 1439 271 1493 φοι
305 1410 388 1479 οὐ
431 1410 847 1498 γινώσκουσι
880 1418 1016 1478 τίνι
1050 1410 1328 1479 πάντων
1378 1409 1644 1498 ἁρμόζει
1677 1408 1721 1496 ἡ
1755 1411 1878 1476 τοῦ
1919 1429 2095 1495 συμ-

164 1513 400 1600 βάντος
437 1520 648 1582 αἰτία.
724 1511 901 1599 πλὴν
949 1510 1103 1580 εἶπέ
1142 1538 1255 1599 μοι
1304 1511 1430 1600 σύ,
1473 1521 1579 1590 τίς
1629 1508 1664 1580 6
1714 1521 1923 1590 αἴτιος
1971 1514 2094 1577 τοῦ

167 1614 472 1684 τοιούτου
519 1614 829 1684 θανάτου
878 1616 1018 1681 τῶν
1071 1611 1470 1682 άναιτίων.“
1560 1610 1595 1682 6
1662 1612 1739 1681 δὲ
1793 1628 1954 1691 παῖς
2000 1615 2095 1702 τῷ

166 1723 421 1803 βασιλεῖ
457 1714 871 1804 ἀπεκρίνατο
891 1732 904 1746 ·
945 1720 1095 1801 „ng-
1124 1713 1357 1801 οὐδέν,
1387 1705 1440 1782 ὦ
1468 1717 1762 1784 δέσποτα
1790 1716 2098 1802 βασιλεῦ,

170 1822 233 1884 οἱ
259 1818 626 1904 φιλόσοφοι
653 1815 1104 1904 σφάλλουσιν,
1132 1814 1298 1885 οὐδὲ
1328 1815 1419 1897 ὣς
1446 1822 1529 1905 τῇ
1561 1816 1850 1904 ἀληθείᾳ
1881 1839 2095 1903 προσ-
2125 1841 2173 1879 15

171 1919 565 2005 κρούοντες,
600 1917 806 1996 ἄλλος
842 1916 1007 1986 ἄλλο
1043 1944 1105 1985 τι
1143 1918 1580 2005 σφάλλονται.
1649 1918 1825 2003 πλὴν
1877 1914 1913 1985 6
1953 1932 2098 1994 τοῖς

169 2018 236 2088 τό
269 2021 448 2107 γάλα
489 2019 831 2090 πεπτωκόσι
877 2016 1380 2109 (συμβεβηκώς)
1427 2025 1753 2098 κίνδυνος
1805 2019 2098 2088 ἐπέκειτο

172 2120 402 2204 αὐτοῖς
441 2124 764 2210 γενέσθαι
799 2119 939 2190 ὑπὸ
976 2124 1093 2207 τῆς
1129 2122 1338 2209 τύχης
1377 2120 1634 2208 αὐτῶν,
1662 2123 1780 2189 καὶ
1821 2126 2099 2207 ἔμελλον

176 2226 401 2294 ἐκεῖνοι
435 2227 677 2314 τοιῷδε
709 2222 943 2316 τρόπῳ
969 2229 1088 2308 τῆς
1114 2228 1281 2309 ζωῆς
1315 2222 1684 2303 ἐξελθεῖν.“
1724 2221 1773 2292 ὁ,
1791 2221 1867 2290 δὲ
1901 2230 2097 2310 βασι-
2117 2246 2305 2293 1³.113P.

177 2323 318 2405 λεῦς
343 2325 469 2395 τὸν
492 2325 699 2411 λόγον
720 2327 844 2394 τοῦ
861 2324 1103 2404 παιδὸς
1124 2324 1216 2403 οἱς
1235 2325 1454 2393 πολλὰ
1482 2324 1905 2413 εὐάρμοστον
1924 2323 2092 2391 άπο-
2127 2349 2177 2387 20

175 2427 547 2514 δεξάμενος,
578 2435 737 2496 λίαν
771 2425 1147 2515 ηὐφράνθη
1180 2428 1292 2496 ἐπὶ
1327 2429 1411 2513 τῇ
1451 2430 1572 2495 τοῦ
1610 2429 1772 2496 υίοῦ
1811 2431 2101 2512 συννοίᾳ

175 2530 279 2597 καὶ
327 2529 689 2620 φρονήσει·
750 2530 866 2596 καὶ
926 2527 1095 2615 τάχα
1149 2530 1257 2597 ἐπὶ
1325 2532 1409 2615 τῇ
1465 2527 1934 2614 συλλογιστικῇ
1985 2527 2101 2592 καὶ

300 2763 330 2810 3
366 2757 469 2811 καὶ
505 2753 668 2826 ὑμῖν]
697 2752 839 2838 ὗμιν
864 2760 1048 2810 omissa
1114 2756 1252 2810 ,καὶ
1277 2760 1351 2809 Μ.
1389 2749 1643 2823 γνωστὸν
1670 2752 1808 2808 ἔστω
1833 2752 1931 2805 καὶ
1958 2745 2103 2817 ὑμῖν

181 2818 308 2878 ἔστω
332 2829 395 2878 A.
431 2828 561 2891 fort.
588 2822 840 2892 γνωστόν
876 2842 966 2877 σοι
992 2843 1068 2877 κα
1120 2818 1262 2890 ὗμιν
1289 2821 1446 2877 ἔστω.
1474 2826 1587 2902 (om.
1615 2824 1685 2888 D)
1791 2826 1820 2874 7
1858 2819 2103 2907 ταχθεὶς

178 2890 325 2960 Am)
361 2885 625 2959 ὁρισθεὶς
651 2895 733 2943 Μ.
722 2891 995 2972 τεχθεὶς
1021 2895 1117 2943 BV
1223 2896 1253 2943 9
1280 2884 1631 2958 ἐνατενήσας
1656 2894 1702 2941 V
1810 2894 1873 2941 14
1899 2888 1982 2949 εἰς
2008 2907 2100 2941 om.

179 2958 219 3008 B
317 2964 364 3010 V
385 2965 442 3013 in
466 2964 691 3028 margine
718 2978 827 3027 ορα
935 2965 996 3011 15
1033 2955 1393 3040 σφάλλουσιν
1420 2962 1510 3010 ΑΒ
1552 2952 1877 3037 σφάλουσιν
1902 2962 1951 3009 V
1973 2955 2100 3021 (D)-

182 3020 529 3092 σφάλλονται
566 3031 623 3080 Μ
786 3021 1241 3107 προσκρούονται
1277 3030 1453 3078 ABV:
1490 3019 1941 3107 προσκρούοντες
1976 3027 2104 3076 scri·

177 3098 275 3157 pei,
311 3106 365 3147 ut
402 3104 480 3148 eet
514 3099 567 3147 in
602 3098 657 3146 M
872 3099 935 3146 16
973 3088 1329 3175 σφάλλονται
1362 3096 1454 3145 ΑΒ
1506 3091 1830 3159 σφάλονται
1869 3096 1942 3144 V:
1993 3083 2104 3171 φά-

186 3175 369 3214 σκουσι
391 3163 450 3215 Μ
474 3167 693 3223 καὶαι,-
728 3171 893 3214 utrum
917 3181 1041 3214 uero
1067 3158 1423 3228 σφάλλονται
1449 3167 1519 3213 od
1542 3165 1899 3214 emendandum
1926 3153 2107 3226 σφάλ·

185 3229 367 3281 λουσιν
390 3234 443 3282 in
466 3235 692 3298 maryine
718 3234 1032 3313 adscriptum
1056 3236 1214 3282 Iocum
1230 3232 1377 3281 uerbi
1399 3226 1685 3313 φάσκουσι
1706 3246 1885 3281 errore
1911 3230 2113 3279 librarii

186 3301 398 3363 ceperit,
436 3316 504 3350 on
530 3302 616 3365 qui
636 3301 767 3349 hano
794 3302 1138 3350 recensionem
1170 3302 1450 3365 composuit
1479 3302 1590 3363 ipse
1622 3300 1792 3348 uerbis
1827 3293 2109 3373 σφάλλου·

187 3377 309 3417 σιν.
332 3341 727 3446 ,σφάλλονται
752 3369 948 3427 luserit,
983 3369 1209 3417 dubitari
1230 3374 1401 3431 potest
1524 3369 1586 3416 17
1621 3355 1901 3416 πεποκόσι
1926 3364 1975 3412 V
2009 3379 2108 3413 πε-

186 3429 437 3498 ποιηκόσι
459 3436 500 3483 Β
609 3429 979 3514 συμβεβηκώς
1005 3452 1099 3486 οηι.
1124 3437 1177 3485 in
1202 3434 1344 3485 ABV
1366 3434 1479 3499 (D),
1505 3437 1695 3484 adreci.
1724 3426 2106 3497 συμβεβηκόσι

187 3497 236 3548 Μ
240 3506 402 3579 quod
434 3505 649 3554 correxi
784 3495 1058 3554 (ἐπέκειτο
1092 3504 1146 3553 Μ
1184 3504 1375 3553 rectius
1511 3504 1572 3550 21
1611 3498 1819 3565 συνοίᾳ
1857 3499 1904 3547 V
2042 3501 2108 3547 22

189 3561 324 3633 τάχα
358 3561 454 3621 ἐπὶ
489 3577 539 3620 et
577 3572 726 3633 90,1
772 3562 1048 3637 φρονήσει
1086 3568 1183 3622 καὶ
1221 3587 1314 3621 om.
1342 3571 1399 3619 M
1434 3575 1553 3619 ante
1579 3566 1728 3632 φησί
1746 3569 1944 3617 addens
1978 3566 2108 3617 καί.
