2563 4087
411 248 455 310 4

415 415 545 469 πας
586 387 884 466 ἀκούσας
920 385 1333 474 ἀπεκρίνατο
1380 389 1475 476 τῷ
1512 392 1776 473 βασιλεῖ
1825 381 1915 463 ὥς
1967 386 2094 472 ,,ἐν
2138 408 2367 472 παρα-

417 497 724 579 δείγματι
761 486 1095 575 ἄκουσον,
1147 479 1198 556 ὦ
1250 491 1561 576 βασιλεῦ·
1613 485 1778 576 ὅπερ
1828 485 1913 556 σὺ
1959 482 2142 574 παρά
2179 512 2367 565 τινος

417 592 498 662 οὕ
556 595 813 682 ῥᾳδίως
867 596 1031 677 ἔχεις
1084 597 1358 678 λαβεῖν,
1405 588 1563 678 μηδ’
1620 580 1709 658 αὖ
1761 588 1967 658 πάλιν
2016 587 2100 657 σύ
2158 588 2369 679 ἑτέρῳ

419 698 661 763 δοῦναι
696 689 1073 779 θελήσεις.“
1142 690 1294 761 τότε
1340 689 1377 760 ό
1414 691 1734 780 βασιλεῦς
1767 694 1862 784 τῷ
1905 690 2087 783 λόγῳ
2137 689 2368 780 τούτῳ

363 826 391 867 5
419 794 852 884 συγκαταβὰς
909 785 995 882 ἦν
1055 796 1169 863 καὶ
1217 793 1538 882 μεγάλαις
1591 796 1813 863 ἐλπίσι
1873 795 1988 862 καὶ
2043 807 2370 882 χρησταῖς

416 899 538 967 τὸν
577 898 953 987 φιλόσοφον
993 896 1459 985 ἑπληροφόρει.
1523 893 1621 985 ,,ὃ’
1655 921 1717 963 τι
1753 891 1898 964 ἂνξ(
1941 902 2152 984 φησίν
2192 902 2372 982 „ocl-

417 1001 625 1089 τήσῃς
663 997 822 1088 παρ’
868 1001 1032 1086 ἐμοῦ
1054 1050 1073 1085 ,
1112 997 1273 1078 ἔξεις
1312 996 1846 1086 δοθησόμενον.“
1937 999 2052 1066 καὶ
2101 996 2374 1065 τούτων

424 1100 641 1181 οὕτως
680 1098 842 1190 παρ’
882 1100 1288 1191 ἀμφοτέρων
1324 1102 1746 1188 λεχθέντων,
1798 1099 2216 1188 συμβόλαιον
2250 1106 2368 1187 βε-

419 1204 760 1293 βαιώσεως
810 1201 848 1271 ὁ
890 1202 1265 1291 φιλόσοφος
1320 1204 1415 1294 τῷ
1445 1203 1669 1294 Κύρῳ
1709 1202 2009 1290 ἐξέθετο,
2065 1203 2138 1271 ἐν
2192 1190 2244 1293 ᾧ
2286 1201 2374 1289 δὴ

347 1334 396 1373 ιο
423 1308 535 1375 καὶ
577 1308 985 1394 ἐγέγραπτο,
1033 1304 1124 1385 ὥς
1174 1304 1338 1392 μετὰ
1388 1307 1603 1393 μῆνας
1650 1304 1717 1384 ἓξ
1772 1306 1886 1373 καὶ
1935 1301 2113 1394 ὥρας
2166 1303 2233 1384 ἓξ
2272 1309 2380 1383 εἰς

421 1410 612 1488 τέλος
672 1408 1152 1494 δεδιδαγμένος
1200 1406 1236 1475 ὁ
1290 1423 1449 1487 παῖς
1496 1410 1590 1498 τῷ
1640 1412 1906 1494 βασιλεῖ’
1949 1404 2108 1496 παρ’
2150 1403 2374 1474 αὐτοῦ

427 1508 923 1596 ἀποδοθήσεται
945 1526 958 1539 ·
1014 1515 1079 1579 εί
1112 1507 1188 1576 δὲ
1225 1508 1688 1597 παρελθόντος
1735 1510 1857 1577 τοῦ
1910 1528 2378 1596 συμπεφωνη-

247 1640 403 1690 1³·‘1B-
431 1613 643 1700 μένου
681 1614 918 1699 καιροῦ
971 1608 1051 1679 οὐ
1101 1611 1224 1680 τὸν
1272 1610 1435 1680 υἱὸν
1483 1613 1605 1679 τοῦ
1656 1611 1983 1698 βασιλέως
2034 1608 2380 1678 ἀποδώσει

429 1713 847 1809 φιλόσοφον,
924 1715 1251 1801 κεφαλικῇ
1315 1720 1628 1803 τιμωρίᾳ.
1666 1711 1702 1779 ὁ
1770 1720 2125 1792 Συντίπας
2192 1717 2383 1780 ἔσται

351 1843 401 1883 15
426 1814 847 1894 ὑπεύθυνος.

575 1915 721 1987 Ἐπὶ
783 1915 1145 1997 τούτοιςὸ
1198 1916 1521 2004 βασιλεύς
1573 1915 1695 1984 τὸν
1752 1916 2000 1985 ἑαυτοῦ
2054 1914 2217 1985 υἱὸν
2273 1922 2381 1995 εἰς

427 2034 654 2108 χεῖρας
709 2022 831 2088 τοῦ
889 2018 1270 2108 φιλοσόφου
1332 2020 1685 2110 παρέθετο.
1759 2020 1873 2088 καὶ
1911 2024 2009 2099 εἰς
2045 2017 2168 2107 τὴν
2209 2018 2379 2087 ἑαυ-

426 2124 548 2190 τοῦ
590 2129 818 2191 οἰκίαν
855 2122 1239 2208 είςήγαγεν·
1279 2119 1767 2210 ἀνοικοδόμησε
1796 2119 1872 2189 δὲ
1898 2123 1994 2212 τῷ
2025 2121 2216 2190 παιδὶ
2245 2123 2377 2189 τοῦ

427 2225 754 2311 βασιλέως
789 2224 951 2292 νέον
986 2220 1178 2292 οἷκον
1226 2222 1661 2313 εὐρύχωρον,
1709 2224 1823 2291 καὶ
1870 2223 1952 2291 τὰ
2008 2220 2197 2303 ἐντὸς
2246 2224 2378 2291 τοῦ

351 2351 402 2391 20
428 2335 623 2395 οἴκου
687 2324 1263 2413 καταλαμπρύνας
1283 2378 1303 2413 ,
1365 2325 1720 2414 ἱστόρησεν
1788 2327 1861 2394 ἐν
1923 2340 2068 2405 τοῖς
2126 2331 2380 2410 τοίχοις

569 2559 595 2606 1
634 2572 764 2623 quac
801 2556 1050 2621 Syntipas
1084 2559 1181 2608 istc
1215 2558 1618 2621 sapientissimus
1639 2559 1893 2623 eloquitur
1925 2559 2216 2622 plerumque
2251 2556 2381 2606 mire

427 2625 666 2676 abstrusa
712 2633 763 2675 ct
807 2625 1023 2675 obscura
1064 2631 1200 2677 sunt.
1279 2626 1378 2675 sed
1425 2631 1593 2675 tamen
1636 2626 1906 2675 uidendum
1960 2640 2022 2674 ne
2068 2623 2264 2688 aliquid
2306 2625 2382 2673 sit

429 2701 739 2756 corruptum.
811 2688 1187 2759 παράδειγμα
1232 2699 1289 2742 ut
1341 2696 1394 2742 in
1430 2692 1499 2741 N.
1543 2692 1599 2745 T.
1646 2700 1697 2743 et
1740 2693 1803 2745 V.
1848 2691 1906 2743 T.
1945 2692 2037 2743 Gr.
2072 2681 2381 2755 παραβολή

428 2762 687 2824 siynificat
719 2761 1096 2825 prouerbium;
1144 2758 1353 2812 δοῦναι
1398 2754 1673 2826 θελήσεις
1717 2758 2173 2810 circumscribendo
2218 2765 2255 2812 t.
2290 2758 2378 2821 fu·

431 2835 545 2877 turo
581 2828 795 2877 inseruit
830 2834 886 2876 ut
921 2822 1074 2893 ἔχειν
1112 2844 1155 2880 c.
1192 2829 1287 2891 inf.
1323 2832 1635 2879 coniunctum
1672 2836 1709 2878 t.
1745 2826 2264 2893 plusquamperfecto.

431 2898 463 2946 3
498 2889 577 2960 μὴ
619 2885 679 2944 δ’
717 2895 765 2942 V
799 2911 973 2959 saepe.
1042 2887 1121 2961 μὴ
1160 2884 1434 2960 θελήσεις
1469 2899 1575 2947 noli
1606 2903 1818 2945 mutare.
1945 2899 1977 2947 6
2016 2890 2220 2960 φησὶν]
2262 2885 2379 2957 φή-

431 2964 573 3022 σαςῖ
712 2966 744 3014 9
781 2954 1039 3030 ἐξέθετο]
1078 2969 1339 3015 nostrates
1384 2963 1550 3014 einen
1587 2962 1791 3014 Schein
1838 2961 2161 3016 anestellen.
2314 2962 2379 3012 10

430 3026 717 3099 γέγραπτο
753 3030 799 3080 Α
939 3025 1012 3090 ὥς
1050 3023 1233 3097 „gasmi
1255 3071 1266 3082 .
1295 3068 1308 3082 .
1331 3028 1424 3082 .“⁴?
1569 3033 1627 3081 11
1668 3022 2171 3096 δεδιδασκῶμενος
2195 3027 2242 3078 A

434 3101 497 3149 12
532 3092 711 3150 πλέον
734 3099 882 3149 libri:
913 3101 1107 3163 scripsi
1126 3092 1525 3166 παρελθόντος
1630 3094 2093 3168 συμφωνημένου
2118 3098 2213 3150 VB
2236 3111 2378 3148 more

431 3166 835 3230 Byzantinorum
1004 3164 1112 3218 τοῦ
1156 3180 1206 3218 σ.
1246 3202 1293 3220 ..
1335 3158 1467 3218 υἱὸν
1501 3183 1596 3221 om.
1633 3168 1706 3231 A,
1755 3166 1819 3217 ab
1855 3170 2022 3218 altero
2058 3163 2162 3217 τοῦ
2195 3166 2271 3216 ad
2302 3170 2380 3214 at·

430 3241 592 3285 terum
629 3237 924 3285 transiliens
1087 3237 1150 3285 13
1187 3225 1259 3285 οὗ
1296 3236 1361 3285 dc
1396 3236 1757 3286 consuetudine
1792 3237 2132 3285 recentiorum
2270 3229 2380 3299 βας

433 3301 480 3352 A
620 3304 683 3353 16
714 3293 777 3352 Ἐ
813 3319 906 3352 om.
941 3302 990 3350 V
1026 3303 1095 3364 cf.
1137 3305 1217 3361 11,
1258 3305 1324 3352 14
1473 3306 1535 3354 17
1574 3299 1649 3371 τῷ
1686 3294 2024 3367 φιλοσόφῳῖ
2168 3302 2232 3353 18
2263 3301 2380 3363 fre-

433 3386 591 3436 quens
625 3372 768 3434 apud
800 3370 1119 3434 Byzantinos
1150 3370 1367 3421 subiecti
1399 3372 1605 3422 mutatio
1746 3371 1809 3420 18
1846 3376 2160 3435 augmentum
2195 3370 2249 3420 in
2284 3368 2382 3419 loeoc

433 3438 598 3488 libello
635 3454 735 3488 non
769 3454 896 3488 raro
932 3439 1101 3501 deest,
1149 3454 1256 3488 cum
1299 3441 1455 3501 paulo
1497 3443 1617 3503 post
1649 3452 1831 3489 rursus
1865 3439 2149 3488 adiciatur-2
2194 3443 2251 3486 nt
2294 3436 2375 3487 in—

433 3513 621 3555 certum
654 3507 725 3556 sit
758 3522 825 3556 an
860 3506 1040 3572 ubique
1083 3507 1153 3556 sit
1195 3507 1560 3559 restituendum
1730 3507 1799 3556 20
1843 3508 1967 3565 τοῖς
2013 3505 2088 3556 V:
2132 3520 2225 3556 om.
2263 3502 2383 3555 AB.

438 3566 684 3637 ἰστόρισε
720 3568 855 3633 τοὺς
892 3577 1121 3640 τεῖχους
1157 3590 1279 3638 του,
1318 3572 1370 3622 D
