2563 4087
459 247 578 311 100
1245 249 1397 300 vm.
1435 250 1473 302 i.
1514 252 1561 300 3.

454 390 626 469 ξύλα
662 397 761 470 εἰς
797 387 954 458 τόδε
989 389 1064 456 τὸ
1100 389 1396 477 κάστρον
1432 386 1724 476 ἀκριβῶς
1761 385 2207 477 εὑρίσκονται.
2271 390 2371 457 καὶ

457 486 678 570 εὐθύς
729 490 765 559 ὁ
821 498 1108 578 ἔμπορος
1158 487 1331 575 ἅπερ
1369 487 1546 575 εἶχεν
1581 487 1970 577 ἅρωματικόι
2021 489 2192 570 ξύλα
2225 487 2371 575 ἆγο-

458 590 763 680 ρασμένα
800 591 1055 679 λαβών,
1092 588 1402 678 ἀπῆλθεν
1439 596 1537 670 εἰς
1572 590 1698 677 τὴν
1726 591 1925 659 πόλιν
1965 593 2249 677 ἐκείνην.
2298 588 2372 669 ὣς

459 692 534 762 δὲ
601 693 911 779 ἑπεσῶθη
977 696 1150 779 ἐκεῖ,
1203 691 1711 778 κατεσκήνωσεν
1777 694 1899 773 ἔξω
1959 694 2076 778 τῆς
2132 691 2374 770 πόλεως

404 820 430 860 5
464 796 759 881 ἐκείνης,
815 799 929 862 ἵνα
965 793 1157 881 μάθῃ
1197 796 1343 872 πῶς
1378 792 1420 879 ἡ
1456 794 1609 880 τιμὴ
1662 796 1801 860 τῶν
1850 792 2073 872 ξύλων
2114 795 2370 863 ἐκείνων

464 899 536 964 ἐν
569 899 652 982 τῇ
694 895 882 963 πόλει
922 897 1080 964 ἐστί.
1155 894 1264 962 διὰ
1313 893 1522 981 μέσου
1562 893 1639 961 δὲ
1674 897 1792 980 τῆς
1838 891 2090 982 ἡμέρας
2140 897 2373 979 ἐκείνης

466 998 708 1065 ἰδοῦσα
747 994 959 1064 αὐτὸν
1012 1004 1134 1082 μία
1172 994 1387 1081 δούλη
1441 994 1624 1074 τινὸς
1673 997 1812 1071 τῶν
1859 993 2210 1083 ἀρχόντων
2256 999 2372 1063 τῶν

463 1101 812 1185 ἐγχωρίων
863 1096 1208 1185 ἥρω’τησεν
1260 1094 1510 1164 αὐτόν·
1569 1095 1702 1183 ,,σύ
1751 1104 1855 1175 τίς
1903 1094 1998 1179 εἷς
2055 1097 2170 1164 καὶ
2215 1103 2281 1164 τί
2307 1094 2372 1162 τὰ

467 1199 970 1285 ,,ε’πιφερόμενα
995 1197 1357 1286 πράγματα
1374 1194 1441 1280 ;“
1495 1194 1532 1264 ὃ
1564 1197 1640 1265 δὲ
1671 1204 1829 1285 ἔφη·
1872 1197 2213 1285 ,,ἔμπορός
2239 1204 2374 1283 εἰμι,

388 1324 439 1363 10
468 1301 630 1385 „nal
666 1292 881 1368 ταῦτα
915 1298 997 1366 τὰ
1035 1298 1205 1379 ξύλα
1241 1297 1667 1386 μυριστικά.“
1733 1297 1773 1384 ἡ
1813 1298 1890 1367 δὲ
1926 1297 2141 1384 δούλη
2180 1301 2372 1382 ἐκείνη

465 1405 560 1489 τῷ
619 1405 773 1490 ἰδίω
823 1398 1118 1487 δεσπότῃ
1183 1397 1310 1467 ὅσα
1373 1400 1736 1488 λελάληκεν
1788 1398 1963 1491 αὐτῇ
2020 1397 2057 1469 ὁ
2113 1405 2372 1485 ἔμπορος

471 1500 919 1587 ἐφανέρωσεν.
975 1499 1011 1567 ὁ
1053 1499 1128 1569 δὲ
1165 1501 1402 1589 κύριος
1429 1503 1546 1586 τῆς
1575 1500 1824 1588 δούλης
1855 1499 2262 1587 πολύξευρος
2296 1495 2372 1567 ὢν

468 1600 728 1680 εὐθέως
766 1602 1055 1687 συνῆξεν
1094 1599 1218 1670 ὅσα
1255 1599 1643 1689 ἄρωματικά
1673 1601 1807 1687 εἶχε
1840 1601 2015 1682 ξύλα
2051 1603 2165 1669 καὶ
2201 1609 2288 1680 εἰς
2311 1596 2370 1666 τὰ

468 1704 608 1787 πῦρ
650 1708 872 1790 ἔβαλε·
912 1704 1026 1770 καὶ
1064 1701 1456 1782 άνάψαντος
1489 1708 1612 1770 τοῦ
1652 1701 1895 1790 πυρός,
1932 1702 2146 1789 πολλὴ
2183 1700 2369 1778 εὐθὺς

392 1831 442 1869 15
472 1805 753 1888 ἐξῆλθεν
777 1802 1043 1889 ,εὐωδία
1083 1807 1365 1872 ἐκεῖθεν.
1425 1806 1564 1872 ἐκεῖ
1595 1808 1769 1889 γοῦν
1806 1810 2094 1890 πλησίον
2124 1801 2160 1871 ὁ
2191 1811 2370 1890 ἔμπο-

473 1931 588 1989 ρος
624 1903 954 1993 ὑπάρχων
992 1906 1106 1971 καὶ
1143 1907 1261 1990 τῆς
1299 1902 1509 1991 ὀσμῆς
1550 1907 1807 1991 ἐκείνης
1846 1912 2206 1991 πλησθείς,
2252 1900 2371 1971 εἶπε

261 2029 385 2079 11126
400 2032 450 2073 13.
469 2021 611 2085 τοῖς
652 2008 789 2075 ἐκεῖ
824 1995 1019 2075 οὖσιν
1055 2004 1480 2094 ἀνθρώποις·
1520 2010 1822 2093 „nol-Mys
1860 2000 2153 2085 εὐωδίας
2180 2004 2372 2085 ξύλων

475 2111 934 2195 ,,μυριστικῶν
974 2110 1393 2195 ἐμπίπλαμαι
1428 2115 1582 2193 καί,
1620 2109 1987 2194 παρακαλῶ
2009 2160 2027 2193 ,
2062 2107 2372 2177 θεάσασθε

472 2208 757 2294 ,,μη’πως
808 2236 906 2287 τις
960 2215 1057 2290 εἰς
1102 2208 1185 2276 τὰ
1237 2208 1361 2294 ἐμοὶ
1412 2208 1581 2287 ξύλα
1631 2208 1979 2297 πυρκαϊὰν
2025 2208 2240 2295 ἀνῆψε
2280 2205 2371 2273 καὶ

388 2337 440 2376 20
474 2316 826 2396 ,,καίονται
872 2307 955 2376 τὰ
999 2308 1358 2397 ἡμέτερα.“
1446 2316 1514 2377 οἳ
1562 2307 1639 2376 δὲ
1687 2309 1857 2398 πρὸς
1910 2298 2130 2378 αύτόν
2176 2307 2370 2378 εἶπον·

561 2491 566 2494 ·
607 2473 633 2518 1
677 2466 759 2528 εἰς
795 2473 827 2522 i.
855 2487 899 2522 e.
937 2462 999 2521 ἐν
1142 2462 1389 2537 ἀκριβῶς
1426 2475 1462 2520 i.
1489 2488 1534 2522 e.
1575 2487 1776 2536 magno
1801 2473 1982 2537 pretio
2019 2474 2191 2522 dieunt
2225 2485 2372 2520 recen-

468 2540 650 2588 tissimi
787 2532 1173 2603 εὑρίσκονται]
1204 2538 1537 2602 uenduntur,
1573 2544 1727 2588 stant
1861 2541 1892 2587 2
1924 2529 2289 2605 ἅγορασμὲνα
2317 2534 2374 2596 cf.

474 2607 588 2668 102,
625 2608 656 2655 9
795 2608 828 2655 4
866 2597 1168 2671 ἐπεσώθην
1205 2607 1375 2657 ABV:
1417 2598 1685 2671 ἑπεσώθη
1721 2607 2082 2660 Boissonade.
2120 2609 2186 2669 cf.
2210 2607 2287 2664 96,
2315 2605 2377 2652 ιο.

473 2689 543 2723 eae
583 2673 953 2737 Xenophonteo
999 2675 1087 2724 illo
1133 2666 1412 2739 ἀπεσώθη
1460 2668 1545 2732 εἰς
1582 2670 1897 2724 Δεκέλειαν
1934 2673 2103 2737 (Heu.
2140 2675 2193 2735 Ι,
2228 2677 2275 2736 3,
2309 2669 2377 2728 2⁶2)

471 2741 787 2791 recentiores
820 2743 896 2789 ita
931 2757 980 2794 u.
1010 2732 1383 2804 (ἀποβαίνειν
1410 2740 1745 2792 adhibuerunt
1767 2749 1822 2791 ut
1845 2742 1991 2792 modo
2016 2744 2261 2805 ¹&iynificet
2283 2735 2380 2788 feli-

472 2808 612 2856 citer
649 2809 961 2871 peruenire.
1032 2799 1301 2872 ἑπεσιόθη
1338 2824 1405 2857 an
1441 2809 1565 2858 alibi
1597 2808 1690 2857 hoo
1733 2824 1883 2858 sensu
1918 2811 2001 2858 uel
2034 2812 2230 2859 omnino
2260 2820 2379 2856 usur·

472 2882 645 2938 patum
680 2876 749 2922 sit
783 2876 980 2923 nescio:
1016 2876 1072 2925 id
1095 2891 1219 2925 uero
1241 2882 1390 2939 potet
1421 2875 1779 2940 perueniendi
1807 2876 2056 2926 notionem
2079 2877 2234 2940 mayis
2256 2874 2380 2924 etiam

475 2945 698 3005 eaeprz'mz'
726 2942 1116 3005 praepositione
1142 2934 1244 2993 ἐπί
1342 2945 1373 2992 5
1409 2940 1529 3001 πῶς
1565 2933 1622 3007 ἡ]
1662 2937 1810 3009 πόση
1848 2937 1920 3007 ἡὶ)
1957 2959 2247 3009 quamquam
2278 2959 2320 2989 τι.
2341 2938 2380 2987 D

474 3011 665 3069 (4102,
697 3010 775 3057 15.
812 3006 932 3067 πῶς
970 3045 1017 3059 ..
1060 3004 1177 3074 ἔχει
1217 3049 1228 3061 .
1253 3047 1264 3059 .
1307 3001 1342 3074 ἡ
1381 3002 1588 3076 ὄνησις
1616 3010 1671 3058 Μ
1774 3013 1805 3061 6
1843 3001 1942 3060 διὰ
1979 3004 2182 3076 μέσον]
2221 3022 2397 3074 uerna-¹

473 3079 582 3125 cule
618 3074 689 3123 im
728 3076 1013 3138 Verlaufe‚
1050 3077 1312 3125 wiihrend
1450 3078 1482 3126 8
1517 3068 1793 3142 ἧρῶτισεν
1815 3077 1864 3126 V
1999 3074 2080 3141 τί]
2123 3079 2191 3140 ef.
2217 3078 2319 3137 101,
2340 3074 2382 3122 4.

474 3140 609 3192 τίνα
647 3137 794 3194 εἰσὶν
829 3144 903 3196 Μ.
955 3146 1073 3194 uide
1110 3142 1302 3194 Corais
1338 3145 1546 3195 Heliod.
1579 3161 1631 3208 p.
1670 3147 1771 3195 208
1965 3146 2027 3193 12
2065 3134 2384 3206 πολύξενρος

472 3209 669 3260 ABVD
707 3213 743 3264 i.
770 3226 813 3259 e.
841 3205 1266 3276 πολυμήχανος.
1305 3211 1565 3270 ποικίλος
1595 3208 1694 3261 καὶ
1720 3208 2050 3276 πανοῦργος
2076 3203 2176 3261 τὸν
2202 3201 2385 3275 τρόπον

473 3277 530 3326 Μ
668 3279 732 3326 15
769 3270 1006 3329 ἐκεῖθεν
1043 3278 1220 3342 nequis
1253 3280 1542 3342 suspicetur
1582 3296 1629 3331 u.
1670 3269 1795 3330 ἐκεῖ
1827 3281 1993 3329 deleto
2030 3295 2138 3328 eum
2173 3280 2243 3328 eis
2276 3287 2384 3341 quae

473 3346 806 3409 insequuntur
842 3346 1234 3408 coniunqendum
1259 3360 1372 3395 esse
1396 3346 1669 3409 prohibent
1692 3346 1801 3395 MD
1942 3348 2005 3395 16
2042 3343 2220 3397 nal-ut
2250 3354 2383 3404 saepe

474 3413 779 3462 incommode
815 3414 1041 3462 additum
1248 3415 1311 3462 17
1357 3410 1505 3497 τοῖς]
1542 3409 1644 3478 τῆς
1682 3414 1749 3466 V.
1797 3415 1918 3471 τοῖς
1952 3410 2084 3477 περὶ
2123 3406 2293 3464 αὐτὸν
2323 3407 2381 3457 Μ.

474 3482 595 3553 τοζς
634 3469 1104 3529 άκολουθοῦσινῖ
1246 3480 1308 3527 18
1348 3474 1688 3543 ἔμπιπλαμα
1725 3480 1774 3530 V
1905 3482 1967 3530 19
2003 3477 2203 3544 μήπως
2237 3475 2315 3535 τίς
2344 3472 2385 3522 V

477 3540 679 3609 μηπῶς
715 3562 802 3603 τις
840 3545 980 3608 (AB)
1019 3545 1193 3595 Boiss.
1324 3548 1390 3596 ⁶20
1425 3542 1455 3596 ὁ
1496 3542 1562 3598 δὲ
1602 3548 1650 3594 V
