2563 4087
513 234 633 298 112
1396 232 1545 283 v111.

510 376 830 463 λογισμὸν
866 378 1003 441 τῶν
1040 374 1286 454 λέξεων
1334 371 1740 459 μεμαθηκώς
1793 372 2244 458 ἐξυπηρετεῖν.
2312 367 2412 437 οὗ·

511 505 641 557 τως
679 467 831 561 οὖν,
870 466 921 543 ὦ
956 477 1233 561 βασιλεῦ
1271 474 1578 542 θειότατε
1615 473 1848 561 πάτερ,
1881 473 1992 539 ε’πὶ
2028 480 2169 538 τῶν
2210 473 2276 551 ἓξ
2309 498 2415 557 μη-

509 582 652 646 νῶν
705 574 825 644 τὸν
878 574 1118 665 καιρὸν
1182 573 1402 643 πάντα
1463 573 1544 643 τοὶ
1607 572 2012 658 διδαχθέντα
2073 574 2416 659 κατέλαβον

512 679 987 766 ακριβέστατα,
1028 675 1510 763 συμμαχούσης
1557 677 1672 743 καὶ
1709 677 1825 761 τῆς
1861 682 2056 753 θείας
2093 672 2417 761 δυνάμεως

440 803 542 902 ἑ)
509 779 699 868 ἡμῖν,
718 775 893 866 (καὶ)
912 779 1279 865 μετέλαβον
1299 776 1424 863 τὴν
1452 781 1708 864 εἴδησιν
1727 773 1992 862 ἁπάσης
2013 781 2416 861 φιλοσοφίας,

307 856 433 904 ⁰¹⁴⁰
515 879 679 950 ὅσον
731 878 1031 948 δυνατόν
1088 881 1268 947 ἐστιν
1328 878 1718 966 ἀνθρώποις
1776 874 1940 964 ἡμῖν
1999 866 2155 945 οὖσι
2214 876 2322 943 καὶ
2366 875 2416 953 ἐξ

513 980 969 1069 ἀνθρώπων(ς

677 1082 954 1161 Τούτοις
980 1097 1123 1158 τοῖς
1143 1080 1367 1166 λόγοις
1395 1082 1518 1146 τοῦ
1549 1078 1788 1158 παιδὸς
1816 1077 1851 1145 6
1880 1077 2198 1165 βασιλεὺς
2228 1075 2415 1144 πολλὰ

512 1185 636 1269 τὴν
707 1188 996 1271 καρδίαν
1056 1178 1512 1269 εύφρανθείς,
1583 1179 2136 1269 εὐχαριστηρίους
2199 1177 2418 1263 λόγους

438 1308 488 1347 10
516 1284 856 1373 ἀνέπεμπε
890 1286 985 1375 τῷ
1021 1285 1160 1373 θεῷ
1199 1284 1316 1350 καὶ
1363 1282 1488 1369 τὴν
1538 1286 1660 1350 τοῦ
1711 1279 1950 1358 παιδὸς
2000 1280 2278 1348 σύνεσιν
2321 1277 2414 1344 καὶ

513 1392 924 1474 φιλοσοφίαν
962 1384 1254 1466 δοξάζων
1292 1385 1404 1451 καὶ
1439 1383 1733 1451 ἐπαινῶν
1771 1381 2030 1471 ὑπῆρχε
2061 1381 2143 1448 τὰ
2172 1383 2417 1468 μέγιστα

514 1489 626 1555 καὶ
676 1491 771 1577 τῷ
822 1485 1174 1574 φιλοσόφῳ
1222 1487 1339 1553 καὶ
1387 1484 1770 1576 διδασκάλῳ
1818 1482 2125 1570 μεγάλως
2173 1480 2415 1567 εὐχαρι-

516 1591 693 1656 στῶν
729 1578 835 1673 ῆν.
891 1586 1053 1674 μετὰ
1092 1585 1167 1654 δὲ
1201 1588 1416 1673 ταῦτα
1454 1586 1674 1654 πάντα
1709 1584 1965 1655 κελεύει
1990 1583 2113 1669 τὴν
2142 1581 2416 1668 πονηρὰν

518 1692 780 1775 ἐκείνην
816 1689 1236 1776 παραστῆναι
1270 1703 1599 1772 γυναῖκα,
1649 1684 1789 1772 ῆτις
1838 1686 1959 1754 τὸν
1994 1684 2156 1753 υἱὸν
2205 1681 2416 1763 αὐτοῦ,

440 1787 489 1849 15
515 1794 821 1857 τοιοῦτον
858 1786 1059 1875 ὄντα,
1102 1788 1479 1873 ἐτεχνεύετο
1517 1790 1954 1875 φονευθῆναι.
2023 1776 2101 1912 69
2149 1785 2259 1853 καὶ
2307 1807 2417 1849 πα-

519 1891 889 2014 ραστάσης,
925 1889 962 1958 ὁ
1000 1888 1319 1978 βασιλεὺς
1354 1891 1532 1975 λέγει
1566 1885 1776 1976 αὐτῇ
1826 1885 2271 1977 ,,φανε’ρωσόν
2304 1909 2414 1971 μοι,

516 1992 867 2080 ωγύναι,
929 1995 1044 2061 καὶ
1100 1989 1312 2079 μηδὲν
1376 1990 1485 2058 διὰ
1549 1989 1769 2078 φόβον
1827 1988 2270 2077 ύποκρύψῃς,
2328 1981 2416 2053 διὰ

516 2102 723 2163 ποίαν
759 2101 987 2163 αἰτίαν
1021 2093 1144 2162 τὸν
1179 2092 1341 2161 υιόν
1391 2118 1522 2178 μου
1578 2091 1975 2175 ἐσπούδαζες
2025 2090 2417 2177 φονευθῆναι

514 2196 630 2262 καὶ
664 2203 782 2275 τίς
785 2186 887 2280 ῆν
931 2193 992 2329 6
1012 2191 1285 2317 ἀφορμὴ
1334 2198 1452 2279 τῆς
1498 2192 1809 2281 τοιαύτης
1859 2215 1983 2262 σου
2036 2188 2417 2270 κατασκευῆς

440 2319 491 2359 20
517 2296 631 2363 καὶ
667 2295 992 2382 μανίας;“
1045 2292 1088 2381 6
1125 2294 1200 2362 δε
1233 2293 1679 2382 ἀποκριθεῖσα
1720 2300 1876 2381 ἔφη·
1923 2293 2415 2381 ,,γινω’σκεις,ω

516 2397 821 2484 κράτιστε
845 2400 1158 2484 βασιλεῦ,
1197 2422 1289 2475 ως
1318 2394 1523 2465 οὐδέν
1554 2399 1700 2464 ἐστί
1722 2392 1910 2483 (τινι)
1946 2398 2085 2462 τῶν
2114 2398 2189 2463 ἐν
2215 2390 2414 2476 κόσμῳ

515 2498 852 2586 βιούντων
880 2496 1466 2586 άγαπητικοότερον
1497 2494 1587 2581 οὖς
1613 2496 1653 2583 6
1682 2496 1814 2583 ζωή
1844 2495 1989 2584 [τοῦ
2019 2485 2412 2584 ἀνθρώπου]

520 2737 805 2807 διάστιξιν
843 2743 1148 2809 συλλαβεῖν
1173 2745 1244 2794 Μ.
1283 2745 1351 2806 ef.
1379 2744 1446 2794 D.
1486 2746 1659 2809 ayz‘tur
1696 2747 1758 2795 de
1795 2745 1995 2794 actione
2031 2743 2292 2793 sententiis
2321 2750 2416 2787 con

515 2887 729 2960 ‚qr-uenia
842 2845 956 2929 τίὲν
993 2844 1272 2960 λογισμόν)
1308 2878 1358 2927 V
1463 2882 1494 2930 5
1530 2875 1629 2929 καὶ
1667 2880 1849 2929 adieci.
1888 2895 1934 2928 α.
1960 2879 2029 2927 D.
2067 2867 2416 2955 ἀκριβέστατα

517 2941 839 3027 κατέλαβον
876 2944 974 2997 καὶ
1014 2939 1077 2998 ἐν
1112 2940 1355 3021 μεθέξει
1399 2940 1586 3012 πάσης
1627 2944 1979 3022 φιλοσοφίας
2025 2941 2127 2996 καὶ
2173 2936 2417 2994 συνέσεως
2492 2977 2498 2986 .

519 3008 756 3078 γέγονα,
797 3011 1193 3079 συναραμένης
1229 3004 1458 3072 πάντως
1505 3011 1605 3063 καὶ
1641 3009 1742 3077 τῆς
1778 3011 1952 3071 θείας
1989 3003 2330 3076 δυνάμεως..
2360 3004 2418 3053 Μ·

519 3083 816 3131 adcuratius
853 3082 1081 3160 fortasse
1116 3082 1175 3130 M
1219 3083 1589 3143 expressissent
1635 3083 1813 3131 addita
1856 3097 1910 3142 p.
1948 3076 2049 3129 καὶ
2093 3087 2211 3129 ante
2255 3078 2330 3126 uel
2365 3065 2419 3123 δε
2453 3081 2459 3086 “

518 3155 641 3225 post
676 3143 1076 3224 συμμαχούσης
1222 3148 1253 3196 8
1290 3148 1342 3195 in
1378 3151 1602 3213 maryz'ne
1639 3141 1668 3227 f)
1708 3139 1977 3212 βασιλεύς
2014 3135 2420 3226 αποδεξάμενοε

519 3209 674 3279 μάλα
719 3210 818 3266 τὸν
862 3216 1167 3267 Συντίπαν
1214 3206 1537 3279 φιλόσοφον
1594 3208 1695 3267 τὸν
1751 3213 1853 3266 τοῦ
1897 3208 2028 3265 υῐοῦ
2076 3208 2419 3266 διδάσκαλον,

415 3373 422 3378 ,
519 3324 972 3409 ἐπευφραίνεται
1009 3297 1326 3412 [ἐπευφραί
1353 3335 1402 3382 V
1406 3325 1660 3419 ἐπευφρ
1665 3333 1858 3384 αι’νετο
1895 3331 2043 3397 (AB)
2084 3316 2418 3387 Boissonade]

521 3398 654 3450 λίαν
690 3404 822 3458 ταῖς
859 3398 960 3451 τοῦ
997 3394 1209 3457 παιδὸς
1247 3398 1538 3463 εὐκαίροις
1570 3399 1912 3479 απολογίαις
1947 3400 2091 3448 ABV
2246 3400 2302 3446 11
2336 3394 2421 3443 Eu

517 3467 653 3519 Luc.
680 3471 732 3531 2,
769 3469 835 3517 20
938 3469 1000 3516 21
1040 3483 1153 3517 τιιι
1188 3469 1360 3519 adieci
1393 3477 1443 3517 et
1477 3471 1542 3518 22
1580 3485 1682 3520 του
1709 3459 2023 3531 ἀνθρώπου
2047 3468 2258 3519 seclusi:
2288 3474 2421 3528 prae·

521 3540 665 3583 terea
700 3505 774 3591 (69
819 3537 1150 3599 suspicionem
1194 3544 1358 3586 mouet
1400 3538 1548 3585 etiam
1594 3526 1732 3586 ἄλλο
1780 3537 2056 3585 excidisse.
2129 3536 2185 3584 M
2221 3529 2422 3582 omnibetz
