2563 4087
671 14 762 25 r·v*†-=

48 15 628 154 η

1004 261 1151 312 vm.
1925 262 2042 323 111

110 404 332 490 μένων
369 401 732 489 ἠδυνάμην
765 401 1278 489 καρπώσασθαι,
1315 399 1431 468 ἅτε
1457 428 1570 487 μοι
1604 401 1867 480 τούτοις
1904 418 2046 481 τοῖς

111 511 447 588 παιγνίοις
494 503 615 575 τὸν,
663 505 839 571 νοῦν
889 530 1021 589 μου
1074 505 1490 589 στερεοῦσιν-·
1544 500 1730 588 ἀλλ’,
1780 500 1871 581 ὥς
1920 530 2046 590 my·-

110 605 360 691 πιωὸης
381 657 400 691 ,
437 605 560 672 τὸν
595 606 771 673 νοῦν
809 601 993 689 εἶχον
1029 605 1653 691 διακεχωρισμένον.
1724 609 1859 672 νῦν
1897 603 1973 671 δὲ
2010 601 2045 670 ὁ

110 705 517 784 διδάσκαλός
551 732 685 793 μου
726 712 1083 783 Συντίπας
1117 707 1403 794 θεωρῶν
1437 704 1514 772 τὸ
1553 706 1715 772 νέον
1745 709 1866 790 τῆς
1902 705 2049 791 ἡλι-

111 817 254 887 κιάς
289 834 467 895 μου,
505 805 587 876 οὐ
626 807 887 895 βαρέως
934 806 1048 873 καὶ
1086 803 1534 891 ἀναγκαστῶς
1569 832 1651 892 με
1699 798 2101 875 ἐδίδασκενὲ

112 907 264 976 οὐδὲ
302 924 450 988 τοῖς
476 909 875 996 βαρυτέροις
909 907 974 986 ἐξ
1004 905 1215 994 ἀρχῆς
1245 904 1489 995 ἤρξατο
1518 906 1688 994 πρός
1715 935 1797 995 με
1823 907 2049 995 μαθή-
2068 931 2189 980 p.139
2201 930 2255 970 B.

113 1030 334 1094 μασιν,
369 1015 485 1078 ἵνα
515 1009 606 1097 μὴ
632 1009 785 1088 νέος
815 1003 910 1076 ὧν
940 1008 1070 1093 ἐγώ
1102 1006 1549 1096 ἀγανακτήσω
1578 1009 1691 1076 καὶ
1718 1009 2050 1097 βαρυνθῶ

117 1110 217 1177 διὰ
254 1111 335 1177 τὸ
377 1111 468 1197 μὴ
508 1124 866 1178 κατανοεῖν
901 1136 983 1196 με
1028 1109 1107 1177 τὰ
1145 1110 1475 1196 λεγόμενα
1511 1111 1624 1177 καὶ
1661 1107 1930 1178 ἅπαντα
1971 1111 2051 1178 τὰ

118 1212 559 1298 διδασκόμενα
613 1211 848 1299 πόρρω
899 1213 1019 1296 τῆς
1081 1212 1241 1297 ἐμῆς
1296 1209 1659 1301 ἀπορρίψω
1723 1215 2053 1297 διανοίας,

118 1314 220 1380 καὶ
257 1310 365 1380 ὅτι
403 1316 771 1398 ἐγίνωσκεν
818 1308 855 1378 o‘
894 1311 1298 1391 διδάσκαλός
1348 1339 1481 1400 μου
1521 1309 1614 1390 ὥς
1665 1310 1782 1379 έάν
1821 1314 1886 1393 ἐξ
1924 1310 2050 1399 ἀρ-
2080 1338 2128 1376 10

124 1418 231 1499 χῆς
267 1421 368 1492 είς
397 1414 658 1501 μεγάλα
683 1414 800 1481 καὶ
836 1413 1057 1502 μακροὶ
1097 1414 1461 1501 μαθήματα
1497 1412 1673 1501 βάλῃ
1705 1440 1810 1500 με,
1849 1412 2049 1482 εὐκό-

127 1522 246 1594 λως
284 1514 469 1602 εἶχον
506 1513 1085 1597 ἀλαζονεύσασθαι
1130 1516 1244 1582 καὶ
1286 1517 1613 1602 ἐκφυγεῖν
1650 1512 1766 1581 ἀπ’
1809 1512 2052 1601 αὐτοῦ,

126 1612 228 1684 ἅτε
262 1619 590 1703 βασιλέως
618 1614 949 1705 ὑπάρχων
985 1616 1171 1695 υἱός·
1210 1614 1382 1683 ἀλλά
1411 1617 1580 1683 κατὰ
1611 1615 1852 1703 μικρὸν
1881 1640 2046 1704 προ-

128 1720 449 1785 &onon-521
500 1720 575 1786 ἐν
620 1733 765 1796 τοῖς
817 1716 1077 1803 λόγοις,
1132 1714 1313 1785 οὕτω
1359 1744 1440 1804 με
1477 1719 1651 1806 πρὸς
1686 1716 1762 1785 τὸ
1800 1719 2052 1784 τέλειον

126 1820 227 1902 τῆς
265 1818 625 1906 ἐπιστήμης
671 1822 811 1885 τῶν
848 1817 1072 1904 λόγων
1121 1817 1427 1905 ἀνέφερε.
1495 1821 1608 1887 καὶ
1664 1817 1794 1905 ἐγώ
1848 1820 2051 1886 πάλιν
2081 1841 2129 1881 15

128 1921 509 2006 τελεωτέρας
547 1917 887 2007 (μέτοχος)
925 1919 1220 2004 γεγονώς
1255 1923 1375 2004 τῆς
1412 1919 1803 2007 φρονήσεως
1825 1971 1842 2005 ,
1874 1920 2051 2004 §qni--

131 2025 352 2089 λαττον
391 2023 466 2090 έν
505 2024 589 2109 τῇ
626 2025 876 2110 καρδίᾳ
912 2020 1135 2089 πάντα
1169 2018 1250 2088 τὰ
1289 2019 1450 2108 παρ’
1485 2019 1700 2089 αὐτοῦ
1731 2020 2049 2089 dadae-x&

130 2148 336 2210 flavas
386 2124 501 2191 καὶ
558 2124 854 2203 συνάξας
908 2122 1032 2190 τὸν
1086 2121 1323 2210 πρώην
1376 2124 1866 2210 διεσπαρμένον
1918 2148 2050 2208 μου

131 2227 287 2290 νοῦν
320 2225 431 2292 καὶ
463 2223 586 2311 (τώ
617 2214 771 2313 ὧτε)
810 2223 1086 2304 ἀνοίξας
1116 2222 1286 2311 πρὸς
1322 2222 1396 2290 τὸ
1437 2221 1738 2308 ἀκούειν,
1774 2224 1886 2291 καὶ
1926 2224 2049 2310 τὴν

135 2328 416 2405 γλῶτταν
446 2323 830 2414 εὔστροφον
857 2326 1276 2410 καταστήσας
1311 2322 1480 2412 πρὸς
1506 2324 1633 2410 τὴν
1660 2328 1798 2391 τῶν
1826 2324 2051 2410 λόγων
2077 2348 2128 2388 20

140 2426 375 2514 πλοκὴν
411 2430 549 2494 τῶν
585 2427 1154 2515 μεμελετημένων,
1183 2427 1297 2493 καὶ
1323 2426 1444 2504 τὰς
1480 2443 1707 2515 χεῖρας
1735 2424 1904 2515 πρὸς
1932 2424 2052 2492 τὸν

254 2624 282 2671 2
315 2615 522 2690 τόνοῦν
559 2624 607 2670 V
745 2619 1096 2687 στερεοῦσιν]
1137 2639 1185 2676 u.
1212 2612 1453 2687 στερεόω
1490 2612 1735 2685 στερρόω
1770 2622 2053 2684 (hodiernis

142 2685 329 2739 Graecis
362 2682 673 2756 στερεοίνω)
709 2693 967 2754 siynz'fieat
1003 2690 1196 2738 durum
1233 2689 1482 2746 reddere,
1522 2703 1599 2741 στ.
1628 2685 1771 2739 νοῦν
1810 2694 2050 2738 mentem

141 2752 210 2801 ita
240 2755 419 2807 durum
465 2758 700 2807 reddere
737 2764 799 2807 ut
834 2756 976 2805 nihil
1022 2758 1142 2806 siue
1181 2756 1323 2821 quod
1370 2757 1552 2806 discat
1599 2757 1717 2806 siue
1769 2757 1857 2805 oui
1896 2757 2053 2806 obse-

144 2828 317 2882 quatur
351 2826 562 2875 intrare
599 2827 807 2890 possitt
855 2840 984 2889 quae
1019 2826 1209 2889 imago,
1246 2824 1312 2874 ab
1350 2839 1477 2888 ayro
1514 2825 1801 2888 desumpta,
1838 2839 1946 2872 cum
1982 2840 2053 2873 ex

143 2889 241 2938 aliis
269 2892 605 2956 scriptoribus
638 2899 738 2942 tum
784 2907 855 2941 ex
889 2892 955 2940 V.
984 2891 1047 2945 Τ.
1086 2898 1137 2941 et
1171 2891 1237 2940 N.
1264 2892 1329 2941 T.
1367 2899 1444 2940 est
1488 2892 1762 2941 notissima.
1832 2898 2054 2941 ceterum

144 2955 319 3007 (latinus
351 2969 429 3009 esc
464 2960 725 3009 absolutus
763 2963 849 3025 qui
893 2960 1094 3008 dicitur.
1169 2957 1516 3008 Boissonade
1563 2960 1778 3008 coniecit
1823 2955 2055 3023 στεροῦ-

145 3034 219 3069 σιν
240 3029 313 3074 uel
334 3019 712 3092 στερεύουσιν.
750 3030 904 3077 aliter
924 3026 991 3083 D,
1018 3034 1070 3075 et
1087 3026 1170 3075 M:
1197 3016 1300 3076 ἅτε
1324 3018 1402 3089 μὴ
1423 3021 1647 3084 τούτοις
1668 3021 1771 3076 τὸν
1798 3018 2054 3090 ἐμαυτοῦ

147 3087 262 3166 νίζῦν
293 3092 672 3160 προσερείὸων
779 3098 842 3144 10
880 3082 969 3145 ὅτι
1004 3096 1285 3157 respondet
1320 3095 1597 3158 participio
1635 3090 1888 3158 θεωρῶν.
1950 3090 2050 3143 καὶ

149 3168 236 3219 *lap
268 3159 315 3207 M
349 3165 520 3211 melius
658 3155 985 3226 ἐγίνωσκεν]
1024 3152 1335 3211 ἐδίδασκεν
1371 3160 1416 3208 Β
1566 3162 1622 3209 11
1662 3154 1839 3226 μικροὶ
1876 3162 2047 3210 ABV:

147 3229 346 3276 cmv-exit
369 3229 575 3288 Boiss.;
600 3244 692 3281 om.
716 3228 768 3277 D
880 3231 941 3279 12
969 3220 1045 3280 ἂν
1072 3221 1227 3293 εἶχον
1252 3227 1309 3276 Μ
1338 3285 1343 3292 ‚
1423 3229 1486 3277 14
1514 3220 1624 3307 [ἐν]
1640 3232 1664 3278 ‘s’
1689 3230 1871 3279 omittit
1892 3228 1949 3275 M

151 3291 202 3337 15
217 3281 444 3359 ἀνέφερε
464 3299 495 3346 ἰ.
517 3312 562 3347 e.
584 3287 839 3362 ἀνήγαγε
861 3298 913 3346 Μ
1014 3299 1075 3344 16
1095 3287 1369 3376 γεγονώς]
1393 3287 1795 3361 ἐφαπτομενος
1815 3295 1890 3344 Μ.
1910 3312 1957 3343 τι.
1980 3296 2048 3344 D.

150 3357 334 3423 offendit
357 3362 474 3428 τῆς.
502 3359 814 3429 τετευχῶςῖ
845 3355 1125 3428 ἐπήβολος
1150 3365 1435 3428 γεγονωςῖ
1470 3364 1671 3413 interim
1694 3364 1863 3413 adieci
1883 3356 2051 3426 μέτο-

152 3436 230 3483 109
313 3431 393 3508 ³8³
416 3427 755 3496 συναγαγών
778 3431 834 3479 Μ
948 3425 1392 3495 διεφθαρμένον
1418 3430 1467 3478 V
1573 3433 1635 3480 19
1672 3425 1838 3494 νοῦν]
1868 3424 1974 3479 νῦν
2000 3430 2049 3477 V

263 3510 331 3543 τω
356 3513 456 3548 ωτε
481 3500 653 3547 adieci
674 3506 728 3547 uc
752 3506 830 3548 est
852 3499 906 3548 in
924 3497 981 3548 Μ
991 3517 1004 3559 ;
1031 3514 1123 3548 om.
1142 3499 1192 3547 D
1302 3500 1368 3548 20
1388 3491 1496 3563 τὴν
1519 3494 1655 3560 τῶν]
1682 3494 1792 3547 τῶν
1819 3513 1911 3546 om.
1934 3495 1982 3543 A
1998 3555 2009 3571 ἢ

155 3555 204 3604 ‘21
235 3558 616 3630 μελετημένων
652 3565 766 3616 BV.
806 3566 875 3628 ef.
907 3568 1000 3628 7-2,
1036 3568 1097 3614 21
1137 3574 1189 3615 et
1226 3566 1341 3628 102,
1368 3568 1399 3615 9
1532 3557 1634 3622 τὰς
1672 3567 1869 3629 χεῖρας
1904 3579 2049 3628 προς
