2563 4087
1044 247 1290 312 Aesopus
1328 248 1354 298 1
2044 247 2178 312 239

225 424 461 491 σοφος,
503 398 600 482 εἷς
626 407 765 471 τῶν
798 404 1258 473 ἐνοικούντων
1280 398 1378 472 ὢν
1406 409 1773 492 τηνικαῦτα
1809 411 1891 493 τῇ
1927 406 2175 499 Σάμῳ,

225 504 590 594 προελθών
628 507 741 574 ἐπὶ
778 505 903 593 τὴν
940 504 1202 594 ἀγορὰν
1236 507 1354 574 καὶ
1389 505 1808 594 θεασάμενος
1844 508 2005 587 τούς
2042 508 2169 595 μὲν

224 606 354 675 δύο
392 612 646 686 παῖδας
674 605 808 675 σύν
848 604 1218 696 εὐπρεπείᾳ
1246 610 1812 696 παρισταμένους,
1847 611 2055 695 μέσον
2092 610 2170 678 δὲ

221 708 488 777 τούτων
537 708 658 777 τὸν
708 719 1077 796 Αἴσωπον,
1135 707 1440 795 ἠγάσατο
1500 710 1624 797 τὴν
1682 714 1805 778 τοῦ
1866 711 2167 799 ἐμπόρου

226 814 563 897 ἐπίνοιαν,
614 807 796 889 ὅπως
829 810 951 901 τὸν
988 810 1274 899 αἰσχρὸν
1326 812 1402 879 ἐν
1437 814 1532 902 τῷ
1568 811 1816 898 μεταξὺ
1869 813 2169 899 τέταχεν,

225 911 316 992 ὥς
364 915 451 1000 τῇ
513 914 883 998 παραθέσει
942 914 1064 980 τοῦ
1118 914 1481 1003 δυσειδοῦς
1526 921 1850 992 καλλίους
1907 915 2170 985 ἑαυτῶν

2195 839 2224 878 5

223 1014 388 1092 τούς
441 1022 878 1093 νεανίσκους.
905 1018 1266 1100 φανῆναι..
1331 1015 1671 1102 ἐγγυτέρω
1732 1013 1796 1083 δ’
1872 1016 2171 1102 ἐπιστάς,
2262 1086 2267 1089 .

226 1115 529 1184 ἐπύθετο
567 1113 690 1183 τὸν
730 1115 1020 1202 ψάλτην,
1057 1115 1274 1185 πόθεν
1303 1110 1389 1182 ἂν
1425 1125 1546 1203 εἴη.
1610 1117 1727 1184 καὶ
1756 1112 1863 1194 ὅς·
1917 1125 2171 1203 ,,Καπ-

224 1215 597 1303 παδόκηςιί.
628 1216 798 1285 καὶὸ
823 1217 1124 1305 Ξάνθος·
1157 1224 1280 1303 ,,τί
1303 1208 1432 1285 οὖν
1459 1215 1648 1297 οἶδας
1669 1216 1959 1300 ποιεῖν“;
1989 1213 2030 1286 ὂ
2059 1219 2141 1284 δέ
2153 1237 2165 1249 ·

229 1316 570 1405 ,,πάντα“.
644 1320 757 1407 καὶ
797 1321 906 1387 ἐπὶ
943 1318 1206 1398 τούτοις
1236 1328 1558 1398 Αἴσωπος
1598 1317 1961 1404 ἐξεγέλασε.
2027 1322 2167 1386 τῶν

225 1420 299 1489 δὲ
351 1384 839 1507 σχολαστικῶν,
890 1427 965 1489 οἳ
1001 1424 1095 1510 τῷ
1146 1419 1402 1511 Ξάνθῳ
1452 1424 1786 1507 συνῆσαν,
1836 1417 1929 1499 ὥς
1980 1418 2167 1489 εἶδον

224 1520 438 1590 αὐτὸν
498 1523 877 1607 γελάσαντα
940 1522 1055 1589 καὶ
1085 1592 1088 1595 ,
1117 1521 1615 1610 παραφήναντα
1665 1521 1828 1602 τούς
1883 1519 2166 1602 ὀδόντας

227 1625 577 1712 ἐξαίφνης,
623 1631 745 1692 καί
775 1651 837 1691 τι
874 1625 1070 1711 τέρας
1107 1622 1279 1713 ὁρᾶν
1323 1624 1693 1712 δοξάντων,
1729 1624 1845 1692 καὶ
1881 1627 2003 1691 τοῦ
2041 1627 2168 1711 μέν

227 1717 313 1812 ,,ἧ
340 1751 479 1794 που
509 1724 675 1813 κήλη
708 1727 893 1794 ἐστὶν
921 1723 1207 1805 ὀδόντας
1237 1724 1535 1810 ἔχουσαί(
1570 1727 1912 1813 λέγοντος,
1938 1728 2061 1794 τοῦ
2093 1728 2175 1795 δέ

225 1835 344 1916 ,,τί
377 1852 541 1896 ποτε
580 1824 713 1910 ἄρα
754 1827 922 1895 ἰδών
961 1826 1330 1913 ἐγέλασεςιί
1380 1834 1502 1895 τοῦ
1543 1827 1621 1895 δὲ
1658 1825 1749 1906 ὣς
1800 1825 1976 1914 ,,οὐκ
2017 1829 2165 1913 ἐγέ·

223 1937 455 2016 λασεν,
517 1927 657 1996 ἀλλ’
727 1927 1173 2017 ἐρρίγωσενίί,
1250 1927 1526 1995 πάντων
1589 1928 1665 1995 δὲ
1726 1929 2167 2016 βουλομένων

222 2035 485 2117 γνῶναι
520 2038 624 2111 τίς
661 2055 823 2099 ποτε
857 2023 943 2119 ἦν
979 2029 1016 2099 ὁ
1053 2032 1293 2117 γέλως,
1340 2024 1437 2109 εἷς
1473 2056 1570 2108 τις
1608 2027 1840 2098 αὐτῶν
1878 2037 2167 2114 προσελ-

221 2133 374 2202 θεὸν
402 2137 499 2223 τῷ
532 2132 838 2224 Αἰσώπῳ
868 2141 1079 2221 φησίν
1098 2150 1114 2164 ·
1145 2130 1357 2218 ,,ὃ’του
1386 2130 1582 2220 χάριν
1612 2133 1933 2217 ἐγέλασας
1951 2130 2021 2213 “3
2051 2132 2167 2200 καὶ

223 2233 329 2315 ὅς’
372 2233 783 2324 ,,άποχω’ρει,
819 2234 1188 2304 θαλάττιον
1233 2232 1647 2322 πρόβατονίί.
1718 2235 1840 2301 τοῦ
1880 2232 1956 2302 δὲ
1992 2230 2167 2321 ἀμη-

2197 1347 2244 1385 10

2197 1409 2238 1448 p.
2254 1398 2304 1435 20
2320 1395 2367 1436 b.

2196 1852 2249 1892 15

224 2337 647 2423 χανήσαντος
675 2353 818 2416 τοῖς
847 2335 1024 2415 ὅλοις
1066 2337 1177 2405 ἐπὶ
1214 2338 1310 2426 τῷ
1350 2335 1560 2427 λόγῳ,
1596 2334 1725 2404 κάκ
1761 2338 1882 2403 τοῦ
1923 2333 2166 2415 εὐθέος
2192 2362 2248 2400 20

361 2470 389 2515 1
429 2457 771 2518 ἐνοικούτων
806 2467 857 2517 V
993 2454 1375 2531 τηνικαῦτους
1412 2466 1457 2515 Ρ
1605 2468 1637 2514 2
1673 2457 2014 2530 προσελθων
2049 2464 2169 2513 ΑΚ

223 2527 597 2598 προέξελθῶν
633 2534 678 2584 Ρ
799 2538 831 2585 3
868 2527 1175 2598 εὐτρεπεία
1209 2534 1258 2581 V
1379 2536 1412 2582 4
1447 2523 1707 2597 ἡγήσατο
1741 2533 1792 2582 V
1828 2525 2085 2597 ἠγάσατο
2122 2532 2168 2581 Ρ

223 2592 484 2668 ἠγάσατο
518 2603 566 2650 Α
612 2605 749 2666 quod
783 2605 834 2652 in
880 2594 1135 2667 ἡγήσατο
1178 2603 1390 2651 mutauit
1424 2599 1471 2649 A
1497 2603 1527 2649 2
1665 2602 1697 2650 5
1740 2594 1982 2664 τέταχεν
2026 2615 2164 2650 corr.

225 2685 296 2718 ex
331 2666 568 2734 τέταγεν
608 2670 653 2731 Q
691 2687 757 2719 m.
777 2686 858 2735 pr.
998 2673 1025 2720 7
1067 2670 1409 2727 νεανίσκους
1445 2668 1519 2718 V:
1564 2666 1803 2726 νεανίας
1838 2669 2001 2744 ceferi

225 2790 253 2837 7
290 2781 574 2855 ἐγγυτέρῳ
599 2804 633 2835 v
669 2779 941 2856 ἐγγιτέρφ
964 2789 1006 2836 Ζ
1044 2782 1313 2853 ὲγγιτέρω
1337 2787 1388 2836 Κ
1493 2781 1561 2838 δὲ
1597 2786 1638 2834 Ζ
1741 2789 1774 2837 8
1809 2748 1913 2836 τδῖ
1934 2749 2170 2864 pail-1:33

224 2854 314 2919 (οὗ
353 2863 406 2905 et
444 2871 513 2905 ov
548 2872 616 2904 m.
652 2856 785 2916 rec.)
822 2856 871 2904 D
918 2854 1020 2906 τοῦ
1057 2849 1288 2919 ψάλτου
1323 2855 1369 2904 F
1392 2855 1443 2903 K
1467 2853 1507 2902 Z
1530 2869 1567 2902 v
1715 2853 2056 2919 καπαδοκης
2091 2855 2168 2917 Q;

223 2938 254 2973 ο
287 2927 342 2973 in
377 2923 426 2971 A
462 2926 582 2974 add.
618 2939 686 2972 m.
723 2939 831 2974 rec.
987 2927 1017 2974 9
1056 2917 1222 2982 εἷδας
1246 2921 1426 2988 ποιῆν
1464 2923 1505 2972 Ρ
1648 2924 1711 2972 10
1747 2913 1839 2985 ἐξε
1880 2920 2083 2973 ε’λασεν
2119 2923 2170 2972 Φ

364 2994 424 3041 11
463 2983 698 3047 Ξάνθει
734 2992 784 3041 V
932 2994 993 3040 12
1032 2984 1213 3042 αὐτὸν
1248 2994 1302 3041 in
1336 2990 1384 3040 A
1426 2993 1548 3041 add.
1583 2990 1629 3038 A
1654 2993 1685 3039 2
1869 2982 2082 3049 δόντας
2118 2993 2167 3041 R

223 3059 266 3107 P
292 3059 348 3116 H
382 3067 436 3110 ut
470 3076 658 3124 saepe,-
694 3062 748 3108 in
783 3061 829 3121 Q
864 3051 915 3112 ὁ.
953 3066 1187 3109 mutatum
1223 3061 1274 3108 in
1313 3051 1361 3110 ὅ.
1515 3061 1578 3109 13
1613 3056 1714 3110 καὶ
1750 3058 1854 3111 τοῦ
1890 3054 1999 3122 μὲν
2032 3061 2086 3109 in
2120 3057 2169 3107 A

223 3127 299 3176 bis
331 3129 580 3193 scriptum
613 3129 769 3178 semel
801 3143 1001 3178 erasum
1037 3135 1117 3177 est
1265 3129 1330 3177 15
1364 3118 1495 3204 not:
1534 3127 1580 3207 (Β
1729 3112 1843 3190 ἆρα
1880 3128 1949 3185 Η,
1989 3127 2036 3176 Ε
2074 3126 2169 3186 (ex

223 3193 385 3258 corr.)
525 3187 800 3259 ἐγέλασεν
833 3195 892 3246 Μ
1029 3191 1094 3246 δὲ
1133 3189 1208 3255 ὡς
1243 3195 1293 3245 V
1318 3195 1391 3245 R:
1432 3193 1469 3245 δ
1532 3211 1610 3253 ως
1647 3197 1809 3245 ceteri
1947 3197 2009 3245 16
2053 3187 2165 3258 ἐρί-

223 3327 403 3378 γωσεν
433 3313 484 3364 V
519 3282 790 3379 ἔείγωσεν
825 3314 876 3363 D
914 3332 944 3378 ρ
980 3316 1104 3364 add.
1141 3313 1191 3362 D
1217 3316 1249 3364 2
1288 3307 1554 3380 ἐρρίγωσε
1593 3314 1638 3376 Q
1677 3315 1797 3375 (sed
1821 3315 1993 3363 deleta
2017 3314 2049 3388 ζ.
2088 3311 2164 3373 ν),

223 3381 274 3431 R
295 3381 342 3446 Q
368 3381 409 3430 Z
433 3397 469 3429 v
515 3374 747 3448 ἐρίγωσε
782 3381 830 3430 A
854 3383 896 3431 P
949 3382 1143 3445 (deleta
1176 3385 1211 3431 l.
1246 3380 1322 3446 ν),
1367 3383 1412 3431 Ε
1439 3381 1495 3431 Η
1668 3383 1731 3430 17
1774 3379 2083 3445 προελθων
2116 3377 2167 3426 V

363 3452 425 3501 18
461 3451 531 3512 cf.
567 3449 835 3514 Syntipam
869 3466 921 3514 p.
964 3452 1080 3513 188,
1111 3452 1172 3498 12
1350 3452 1411 3501 19
1455 3444 1596 3501 θάλ.
1633 3441 1797 3513 πρόβ.
1844 3450 1895 3496 in
1939 3448 2166 3512 marqine

223 3520 480 3586 suppleuit
517 3518 557 3566 Z
593 3534 728 3582 mpr.
845 3520 910 3567 20
947 3512 1166 3585 κᾴκτοῦ
1204 3534 1238 3568 a
1276 3515 1497 3588 κακτοῦ
1531 3517 1566 3566 b
1601 3507 1713 3567 κάκ
1749 3509 1957 3566 τούτου
1994 3513 2040 3563 Ε

228 3587 293 3635 20
331 3579 542 3646 εὐθέος
577 3586 659 3635 M:
700 3581 921 3644 εὐθέως
959 3586 1009 3634 D
1045 3601 1205 3650 supra
1241 3602 1347 3639 scr.
1386 3600 1436 3648 0,
1477 3577 1700 3643 εὐθέως
1735 3585 1899 3633 ceteri
