2563 4087
488 227 570 291 82
1386 228 1536 278 vm.

285 370 881 458 920313.‚‚ssz10c'kn60c9
931 369 1101 458 πρὸς
1152 367 1333 457 ἐμέ.“
1406 370 1622 436 ταῦτα
1669 359 1834 454 οὖν,
1884 359 1934 436 ὦ
1981 373 2298 456 βασιλεῦ,
2342 372 2418 458 τῇ

493 474 768 558 γυναικὶ
804 469 1263 559 ἀπεκρίθηκα,
1312 468 1538 557 μηδὲν,
1578 472 1807 556 ἕτερον
1855 469 2026 559 πρὸς
2075 468 2293 557 αὐτὴν
2327 478 2417 540 εί-

494 574 643 642 adm
680 569 722 659 ἢ
758 572 1083 658 λαλήσας·
1133 569 1287 638 ἀλλ’
1328 569 1493 639 οὐδὲ
1540 569 1729 662 ἄλλῳ
1764 573 1899 639 τινὶ
1936 571 2269 660 λελάληκα
2303 577 2421 650 ἕως

487 677 606 762 τῆς
644 673 993 762 παρούσης
1018 672 1290 761 ἡμέρας.
1354 672 1523 740 διότι
1548 675 1720 757 γοῦν
1750 678 1960 758 ἔγωγε
1988 670 2116 741 οὐκ
2149 676 2419 761 ἐποίησα

435 806 459 844 5
487 775 659 863 ἅπερ
695 774 737 861 ἡ
772 774 948 860 γυνὴ
987 774 1216 862 ἠγάπα
1237 827 1255 862 ,
1309 776 1528 861 ἐκείνη
1581 781 1961 861 φοβηθεῖσα
2007 776 2124 843 καὶ
2160 774 2412 843 ὑπολα-

487 881 709 964 βοῦσα
745 875 849 946 ὅτι
884 874 975 944 δι’
1016 875 1061 943 ἅ
1095 904 1206 963 μοι
1242 874 1455 962 εἶπεν,
1495 874 1612 943 ἐὰν
1649 873 1949 964 ἄρξωμαι
1984 883 2245 963 λαλεῖν,
2280 903 2415 944 κιν-

488 981 816 1047 δυνεῦσαι
850 979 1117 1066 μέλλει,
1151 976 1512 1064 ἠγωνίζετο
1550 976 1742 1055 ἐντὸς
1779 980 1918 1044 τῶν
1958 977 2122 1046 ἑπτά
2160 976 2420 1067 ἡμερῶν

487 1078 811 1149 ἀπολέσαι
859 1107 976 1167 με,
1023 1081 1136 1147 καὶ
1187 1079 1266 1146 τό
1319 1077 1443 1146 σὸν
1481 1078 1727 1168 κράτος
1777 1078 1947 1168 πρὸς
1994 1075 2118 1166 τὴν
2154 1079 2419 1166 σφαγήν

485 1208 617 1268 μου
654 1179 694 1268 ἡ
731 1182 902 1268 κακὴ
937 1183 1052 1249 καὶ
1090 1186 1287 1249 δολία
1323 1178 1503 1266 γυνὴ
1533 1187 1894 1268 παρεκίνει.
1951 1177 2125 1268 αὕτη
2162 1178 2204 1269 ἡ
2241 1188 2416 1250 αίτία

412 1312 459 1349 ιο
487 1288 602 1370 τῆς
654 1288 943 1370 σιωπῆς,
990 1284 1325 1367 δέσποτα,
1372 1277 1461 1366 ἣν
1518 1280 1821 1366 ε’δήλωσα
1868 1285 1951 1368 τῇ
2005 1294 2416 1371 σκηπτουχίᾳ

489 1406 633 1453 σου.
697 1385 776 1452 τὸ
818 1384 1082 1469 λοιπόν,
1119 1373 1171 1449 ὦ
1207 1383 1485 1470 βασιλεῦ
1507 1436 1525 1469 ,
1561 1388 1624 1450 εί
1655 1384 1843 1450 θέλει
1875 1381 1953 1450 τὸ
1989 1384 2236 1471 κράτος
2275 1404 2416 1469 σου,

487 1485 782 1574 ὁρισάτω
821 1488 1052 1554 ἐλθεῖν
1088 1482 1376 1571 ἀρκετὸν
1413 1481 1619 1568 ὄχλον
1655 1485 1770 1551 καὶ
1807 1484 1974 1552 λαὸν
2011 1486 2126 1553 καὶ
2164 1485 2416 1563 πάντας

487 1587 651 1665 τούς
686 1586 1152 1674 φιλοσόφους,
1190 1583 1375 1664 ὅπως
1411 1582 1806 1654 ἀκουόντων
1844 1583 2076 1653 αὐτῶν
2116 1587 2248 1673 ἐγώ
2289 1614 2414 1674 φα-

487 1686 765 1775 νερῶσω
818 1689 931 1756 ἐπὶ
981 1688 1103 1754 τοῦ
1142 1690 1493 1776 βασιλικοῦ
1530 1686 1826 1775 βήματος
1875 1685 2000 1755 ὅσα
2036 1692 2414 1757 διδασκαλι-

411 1815 459 1856 15
488 1792 623 1868 κῶς
675 1788 710 1855 ὁ
763 1789 1546 1876 φιλόσοφοςΣυντίπας
1610 1789 1873 1868 ἐδίδαξέ
1930 1787 2078 1876 με.“
2161 1789 2413 1858 τούτων

482 1893 623 1959 τῶν
673 1894 745 1960 ἐκ
806 1897 931 1959 τοῦ
983 1893 1146 1958 υἱοῦ
1210 1889 1434 1975 λόγων
1482 1888 1780 1968 ἀκούσας
1841 1888 1877 1957 ὁ
1930 1890 2245 1977 βασιλεὺς
2312 1890 2413 1961 ἐπὶ

486 1992 660 2062 πολῦ
705 1998 922 2083 ἔχαιρε
957 1993 1072 2060 καὶ
1107 1990 1488 2080 ήγαλλιᾶτο.
1568 1993 1684 2060 καὶ
1735 1990 2130 2080 προστάττει
2166 1993 2415 2073 πάντας

484 2096 646 2175 τούς
682 2095 1106 2182 φιλοσόφους
1152 2096 1267 2162 καὶ
1306 2092 1538 2172 ἁπλῶς
1583 2096 1745 2173 τοὺς
1782 2093 1991 2180 λόγου
2027 2097 2414 2183 μετέχοντας

485 2197 597 2263 καὶ
634 2222 799 2275 τους
835 2194 1053 2263 αυτοῦ
1102 2194 1547 2283 μεγιστάνους
1594 2197 1708 2263 καὶ
1758 2193 2088 2284 ἄρχοντας
2126 2221 2412 2323 παραγε-

411 2323 462 2362 20
488 2296 748 2366 νέσθαι.
815 2299 929 2364 καὶ
977 2294 1061 2382 δὴ
1110 2296 1388 2365 πάντων
1436 2296 1915 2366 συνελθόντων
1950 2298 2183 2378 καθώς
2218 2297 2270 2366 ὁ
2291 2306 2410 2386 βα-

278 2384 322 2422 P
328 2374 466 2413 ¹⁰43
489 2397 715 2478 σιλεύς
753 2402 1117 2488 διωρίσατο
1138 2450 1158 2484 ,
1192 2388 1363 2482 ἦλθε
1388 2394 1563 2465 καὶ
1532 2424 1569 2465 ο
1597 2400 1720 2466 τοῦ
1751 2398 1989 2478 παιδὸς
2016 2400 2409 2478 διδάσκαλος

487 2503 602 2569 καὶ
640 2502 871 2588 μέχρις
903 2499 1207 2586 ἐδάφους
1235 2499 1750 2587 προσκυνήσας,
1781 2497 2109 2569 ἐκάθισεν.
2167 2500 2276 2569 ὅτε
2302 2501 2408 2592 καὶ

484 2602 520 2669 ὁ
557 2601 876 2691 βασιλεὺς
915 2607 1043 2688 ἔφη
1081 2599 1303 2692 αὐτῷ·
1354 2603 1538 2687 „ruofi
1588 2598 1804 2686 ἤσουν
1849 2603 2042 2689 μέχρι
2085 2604 2209 2669 τοῦ
2258 2604 2408 2685 νῦν,

486 2694 538 2771 ὦ
579 2704 928 2791 σοφώτατε
966 2710 1319 2784 Συντίπα;
1369 2698 1471 2768 ὅτι
1515 2702 1630 2769 καὶ
1677 2702 1785 2770 διὰ
1821 2701 1897 2770 τό
1936 2700 2011 2770 σὲ
2046 2702 2137 2789 μὴ
2176 2711 2408 2790 φαίνε-

406 2829 455 2868 25
483 2815 645 2873 σθαι
680 2805 861 2893 παρὰ
898 2805 1139 2892 μικρὸν
1176 2803 1571 2872 ἀπέκτεινον
1607 2798 1693 2869 ἂν
1724 2802 1850 2870 τὸν
1885 2802 2046 2871 υἱόν
2065 2803 2287 2889 ’μου.“
2371 2800 2404 2869 ὁ

482 2905 558 2973 δὲ
601 2914 957 2987 Συντίπας
1009 2908 1102 2995 τῷ
1140 2912 1408 2993 βασιλεῖ
1452 2903 1897 2992 ἀπεκρίνατο·
1952 2903 2178 2992 ,,έγω’,
2225 2913 2408 2993 βασι-

482 3008 638 3094 λεῦ,
673 3010 768 3098 τῷ
806 3011 938 3099 υίῷ
978 3028 1103 3076 σου
1142 3006 1557 3093 παρήγγειλα
1610 3007 1683 3073 ἐν
1730 3002 2004 3094 ἡμέραις
2058 3006 2224 3075 ἑπτὰ
2260 3027 2409 3074 σιω-

620 3206 648 3253 2
687 3195 1062 3269 ἀπεκρίθηκα
1127 3206 1199 3253 ad
1231 3204 1317 3264 60,
1358 3205 1420 3254 18
1522 3204 1555 3252 4
1590 3219 1674 3253 πα
1677 3195 1998 3270 ρελθουσης
2022 3204 2069 3253 V
2104 3203 2279 3285 τῆςδε
2312 3200 2410 3267 τῆς

483 3263 733 3337 σήμερον
769 3272 823 3320 Μ
983 3272 1013 3321 6
1092 3261 1136 3322 ι’
1174 3259 1233 3353 α]
1275 3240 1380 3321 διά
1414 3271 1461 3319 V
1630 3274 1658 3322 7
1677 3221 1764 3333 eof.
1804 3276 1854 3330 6,
1895 3275 1920 3321 1
2082 3264 2155 3337 ἠγ
2144 3265 2405 3350 ωνίζετο]

484 3356 762 3418 operam
742 3339 917 3389 dabat
1091 3341 1150 3389 11
1199 3334 1400 3390 εθέλοι
1435 3339 1492 3388 Μ
1672 3341 1739 3389 23
1782 3311 1985 3404 ἤόουν]
2021 3342 2054 3392 ἰ.
2080 3355 2125 3390 e.
2163 3328 2321 3405 ἦσθα
2353 3336 2409 3385 Μ

618 3409 684 3456 ‘24
720 3393 762 3457 ὦ
797 3408 923 3457 Ilaec
957 3423 1063 3458 rec.
1101 3410 1238 3457 nullo
1273 3414 1417 3457 certo
1453 3407 1663 3456 consitio
1698 3414 1750 3456 et
1781 3408 1968 3484 posuit
1973 3416 2023 3457 et
2042 3406 2409 3483 praetermisit.

480 3476 826 3538 praetetmixit
861 3481 1042 3533 autem,
1081 3483 1135 3524 ut
1167 3476 1263 3524 hoc
1298 3480 1429 3538 loco,
1468 3474 1697 3523 crebrius
1731 3473 1785 3522 M
1933 3488 2023 3525 οτι
2058 3471 2181 3539 καὶ]
2224 3488 2313 3523 οτι
2342 3484 2406 3534 γε

479 3543 537 3591 Μ
685 3544 750 3593 25
786 3559 914 3604 aon,
954 3560 1046 3593 om.
1083 3560 1137 3606 p.
1177 3536 1252 3592 ἄν
1289 3544 1345 3591 Μ
