2563 4087
413 227 538 293 174

408 377 849 458 παραγίνεται
883 368 1053 457 πρὸς
1080 368 1201 437 τὸν
1232 376 1530 459 ἔμπορον
1557 369 1594 439 6
1621 370 1705 439 τὰ
1734 368 2126 460 ἀρωματικά
2158 367 2365 458 ὠνη-

408 470 694 559 σάμενος
730 471 920 552 ξύλα.
992 478 1114 540 καί
1144 491 1352 559 φησιν
1387 470 1424 539 6
1483 478 1805 562 ἔμπορος·
1867 471 1885 497 ‘
1903 471 2158 551 ἀπόδος
2208 498 2367 558 μοι,

408 563 461 641 ὦ
512 575 767 662 ἑταῖρε,
829 581 899 640 εἴ
922 580 996 642 τί
1036 598 1148 659 μοι
1207 573 1700 664 συνεφωνησας
1748 589 2121 662 παρασχεῖν
2168 571 2373 662 ’ὑπὲρ

405 680 535 743 τοῦ
560 674 1055 762 διαπραθέντος
1083 694 1188 743 σοι
1214 673 1513 763 φόρτου.’
1563 674 1600 743 6
1632 676 1711 744 δὲ
1735 691 1938 763 μῖμος
1969 681 2098 763 ἔφη
2119 673 2318 765 αὐτῷ
2340 694 2355 706 ·

271 762 288 781 ⁸
354 774 719 863 ε’ζήτησον
757 784 826 844 εἴ
851 802 914 843 τι
948 780 1062 844 καὶ
1098 777 1411 864 βούλοιο,
1460 776 1649 864 κάγώ
1700 779 1979 865 ἑτοίμως
2015 775 2365 865 παράσχω

407 875 547 946 σοι.’
606 875 643 945 6
682 876 748 944 δ’
794 884 1113 965 ἔμπορος·
1159 876 1384 947 ’θέλω
1422 883 1539 947 ἵνα
1572 906 1686 967 μοι
1712 881 1850 970 δῷς
1881 882 1954 947 ἐν
1979 880 2077 969 τῷ
2107 885 2359 949 πίνακι

408 977 717 1058 ’ψύλλους
736 977 884 1048 καθ’
909 978 1073 1047 ὅσον
1091 978 1476 1067 χωρήσειεν,
1505 970 1606 1049 ὧν
1621 978 1700 1048 τὸ
1719 980 1847 1068 μὲν
1873 978 2077 1067 ἥμισυ
2106 994 2367 1066 στῖφος

407 1078 635 1169 ἄρσεν,
683 1083 865 1167 θῆλυ
902 1080 980 1149 δὲ·
1014 1080 1091 1148 τὸ
1132 1083 1364 1170 ἕτερον
1398 1078 1627 1169 ἥμισυ,
1676 1084 1793 1151 καὶ
1832 1082 2090 1161 πάντας
2127 1089 2361 1167 γλαυ-

406 1188 687 1262 κοειδεῖς
720 1181 846 1270 τὴν
885 1184 1077 1252 ἰδέαν
1113 1180 1384 1252 αὐταῖνῖ
1452 1181 1672 1263 οὕτως
1709 1183 1923 1253 εἰπών
1957 1185 2053 1275 τῷ
2084 1190 2275 1273 μίμῳ
2312 1183 2359 1251 6

331 1310 383 1350 ιο
412 1289 702 1374 ἔμπορος
758 1290 1054 1372 ἰσχυρῶς
1107 1282 1324 1353 αὐτὸν
1376 1286 1649 1354 διετέλει
1692 1283 2186 1371 ἀπαναγκάζων
2237 1287 2365 1354 καὶ

407 1391 623 1475 πολλῇ
663 1388 744 1474 τῇ
784 1393 905 1475 βία
952 1386 1121 1475 πρὸς
1176 1384 1391 1455 αὐτὸν
1439 1388 1882 1475 κεχρημένος,
1934 1385 2125 1474 ἄχρις
2174 1381 2267 1455 ἂν
2317 1386 2364 1454 6

405 1504 606 1575 μῖμος
653 1489 769 1556 καὶ
818 1486 1001 1556 ἄκων
1051 1488 1361 1558 ἐδεδώκει
1408 1487 1594 1580 αὐτῷ
1655 1495 1938 1557 πλείονα
2000 1486 2351 1575 ποσότητα

406 1594 525 1675 τῆς
579 1593 845 1668 δικαίας
898 1591 1087 1676 τιμῆς
1137 1593 1278 1659 τῶν
1330 1588 1775 1678 ἀρωματικῶν
1829 1587 2045 1661 αὐτοῦ
2085 1589 2361 1671 ξύλων·

305 1784 310 1787 Δ
407 1693 524 1758 καὶ
561 1687 776 1770 οὕτως
812 1689 1167 1779 ἀπηλλάγη
1203 1693 1343 1760 τῶν
1368 1696 1571 1760 τοῦδε
1608 1689 1970 1778 ὀχλήσεων.
2043 1691 2363 1778 ἐντυχών

334 1818 383 1858 15
411 1790 487 1858 δὲ
535 1793 650 1860 καὶ
702 1804 846 1871 τοῖς
902 1793 1149 1881 ἑτέροις
1203 1794 1366 1861 δυσὶ
1419 1798 1679 1880 μίμοις,
1738 1795 1832 1885 τῷ
1886 1820 1957 1861 τε
2010 1794 2167 1881 περὶ
2220 1796 2366 1862 τοῦ

409 1891 776 1982 ὀφθαλμοῦ
815 1896 1285 1985 διαμαχομένῳ
1319 1895 1436 1962 καὶ
1470 1896 1566 1985 τῷ
1593 1892 1720 1981 τὴν
1743 1893 2104 1963 θάλασσαν
2130 1921 2362 1962 κατα-

409 2011 591 2065 πιεῖν
627 1992 815 2088 αὐτῷ
845 1997 1298 2084 ἐπιτρέψαντι,
1335 1994 1577 2085 ἀπῄτει
1601 1993 1964 2076 κάκείνους
1991 1998 2367 2085 πεποιηκέ-

408 2124 522 2165 ναι
569 2096 615 2166 ἆῖ
667 2098 893 2187 λάθρα
942 2098 1125 2183 παρά
1177 2102 1301 2166 τοῦ
1352 2096 1584 2167 αὐτῶν
1630 2101 2022 2186 καθηγητοῦ
2060 2098 2367 2186 ἠκηκόει-

235 2230 279 2268 ι».
308 2227 383 2265 110
409 2200 525 2267 καὶ
562 2200 835 2269 διετέλει
869 2198 1098 2285 ἄγχων
1131 2198 1528 2286 κάκείνους,
1579 2201 1704 2279 ἕως
1755 2195 1842 2268 ἂν
1879 2198 1967 2267 δι’
2008 2196 2190 2268 ὅσων
2226 2204 2365 2268 60-

333 2329 384 2369 20
410 2300 644 2387 μάτων
693 2298 730 2367 6
786 2307 1075 2387 ἔμπορος
1127 2302 1192 2380 ἐξ
1243 2299 1476 2370 αὐτῶν
1541 2298 1958 2391 (πεισθῆναι)
2016 2300 2368 2389 ἠθέλησεν

411 2399 817 2489 ἀπολαβεῖν·
888 2403 1004 2469 καὶ
1043 2398 1261 2481 οὕτως
1297 2400 1784 2491 ἀπηλλάγησαν
1817 2406 1955 2470 τῶν
1982 2400 2360 2489 ὀχλήσεων.

411 2505 527 2574 καὶ
562 2509 736 2591 νῦν,
775 2494 827 2572 ὦ
864 2504 1157 2572 δέσποτα
1190 2507 1496 2591 βασιλεῦ,
1550 2505 1617 2585 ἐξ
1655 2494 1752 2571 ὧν
1790 2524 1895 2572 σοι
1930 2505 2367 2596 διηγησάμην

410 2614 703 2692 γίνωσκε
737 2603 840 2674 ὅτι
874 2610 947 2675 οἵ
975 2632 1048 2674 τε
1083 2604 1214 2674 δύο
1251 2610 1489 2685 παῖδες
1527 2608 1805 2692 ἐκεῖνοι,
1856 2602 1892 2673 6
1943 2607 2198 2694 τριετὴς
2232 2609 2361 2675 καὶ

411 2706 448 2775 6
486 2708 886 2795 πενταετής,
936 2709 1090 2797 περὶ
1141 2696 1237 2775 ὧν
1274 2705 1692 2796 προειρήκειν
1727 2727 1869 2795 σοι,
1920 2710 2036 2775 καὶ
2073 2698 2277 2786 οὗτος
2318 2707 2364 2776 6

334 2838 385 2879 25
411 2808 686 2897 γηραιὸς
722 2809 1107 2898 καθηγητὴς
1145 2812 1364 2897 πολλῇ
1402 2812 1487 2897 τῇ
1526 2808 1773 2894 γνω’σει
1807 2809 1921 2877 καὶ
1957 2813 2040 2897 τῇ
2082 2811 2365 2879 συνέσει

410 2908 883 2998 κεκόσμηνται·
950 2913 1066 2980 καὶ
1117 2909 1264 2978 κατ’
1324 2913 1627 2989 ἐκείνους
1662 2908 1833 2997 κάμὲ
1870 2907 1907 2979 6
1945 2910 2367 2991 διδάσκαλος

412 3009 447 3080 6
491 3010 647 3099 ἐμὸς
683 3010 1041 3081 ἀπετέλεσε
1075 3009 1522 3080 διδάσκαλονῖ

551 3280 581 3328 7
619 3277 716 3329 στί
714 3293 825 3341 φος
962 3278 993 3327 9
1030 3278 1083 3326 in
1117 3279 1345 3356 maraine
1378 3268 1471 3329 κδ’
1591 3280 1656 3328 10
1692 3268 2141 3353 ἔπαναγκάζωνὶ)
2270 3279 2360 3328 11.

412 3349 474 3398 19
512 3335 609 3410 αν]
650 3293 757 3398 οὖῗ
793 3338 868 3410 δὴ
882 3345 907 3392 ‘2’
945 3360 1049 3403 εως
1084 3360 1154 3396 ου
1192 3345 1236 3394 Ρ
1431 3348 1498 3395 20
1532 3341 1856 3409 πεισθῆναι
1889 3345 2064 3396 adieci
2285 3348 2359 3395 21

410 3406 755 3479 ἀπολαβεῖν]
813 3413 1018 3462 uidetur
1069 3413 1389 3464 scribendum
1443 3362 1751 3492 ἀπέλαβεν
1794 3413 1924 3477 (12).
1961 3401 2253 3493 ἀπολάβῃ
2290 3429 2363 3464 ne

407 3490 694 3546 reponatur
734 3480 970 3548 prohibet
1012 3482 1285 3532 sententia.
1359 3496 1463 3538 εως
1511 3495 1582 3532 ου
1630 3476 1837 3546 ἔλαβεν
1872 3520 1887 3535 .
1923 3519 1935 3531 .
1973 3492 2083 3531 οσα
2128 3473 2365 3548 ηθέλη·

411 3562 507 3599 σεν
546 3550 590 3599 Ρ
729 3550 796 3598 23
831 3548 1166 3611 ef.161,16
1303 3550 1369 3599 27
1407 3540 1761 3606 διδάσκαλος
1797 3550 1928 3608 cod..
1967 3564 2062 3599 om.
2097 3546 2143 3596 P
