2563 4087
134 1845 494 1933 Ξβούμενος
536 1841 649 1930 ἐμε
686 1863 906 1910 σιωπα

2071 273 2108 335 7

139 443 306 502 νος,
347 418 474 494 ἕως
515 405 599 482 οὗ
638 412 834 482 ἄλλαι
873 404 1036 505 ἕπτά
1074 411 1316 502 ἡμέραι
1353 413 1858 503 παρέλθωσιν.“
1891 412 1896 415 ’
1940 412 2106 484 ὅθεν

148 519 267 587 καὶ
305 522 572 606 πρωΐας
610 515 645 584 6
687 531 846 594 παῖς
882 515 1051 583 κατὰ
1082 515 1412 605 δευτέραν
1451 517 1639 606 ὥραν
1668 523 2110 606 παραγίνεται

142 621 263 688 καὶ
306 621 423 689 ἐπὶ
474 622 599 706 γῆς
650 616 838 708 αὐτῷ
891 635 1278 706 προσκυνεῖ.
1347 619 1382 687 6
1438 619 1514 688 δὲ
1561 620 1881 707 βασιλεύς
1934 627 2109 707 πλη-

140 721 500 810 σιέστερον
526 719 817 798 καλέσας
847 718 1088 807 αὐτὸν,
1117 719 1427 809 ἀσμένως
1457 720 1782 808 ἠσπάζετο
1810 722 1923 789 καὶ
1944 720 2108 809 μετὰ

150 829 366 913 χαρᾶς
404 820 652 911 ’ἤρξατο
698 829 1118 912 προςλαλεῖν.
1190 822 1225 890 6
1276 822 1355 891 δὲ
1401 823 1555 902 υίὸς
1593 821 1720 892 οὐκ
1760 824 1977 892 ἐλάλει
2011 828 2106 915 τῷ

137 934 455 1019 βασιλεῖ,
511 921 664 993 ἀλλ’
719 928 952 993 ἵστατο
1002 927 1311 1011 σιωπῶν,
1364 923 1685 1009 ἀτενίζων
1746 925 1963 1014 μόνον
2013 933 2109 1005 είς

137 1027 272 1098 -τὸν
301 1025 581 1113 πατέρα.
624 1027 738 1093 καὶ
769 1025 804 1093 6
835 1025 962 1113 μὲν
991 1027 1206 1115 πατὴρ
1237 1026 1440 1095 πάλιν
1469 1026 1695 1116 ἠρώτα
1722 1027 1844 1096 τὸν
1864 1032 2107 1096 παῖδα·

138 1132 188 1199 -6
230 1129 308 1199 δὲ
359 1145 524 1208 παῖς
561 1118 766 1197 πάλιν
812 1125 1088 1215 ἄφωνος
1122 1128 1392 1198 ἵστατο.
1473 1129 1624 1198 τότε
1672 1127 1709 1196 6
1762 1128 2110 1217 βασιλεύς,

151 1232 293 1302 ὑπὸ
350 1237 745 1320 περιχαρίας
798 1228 907 1316 ἐφ’
960 1229 1235 1319 ὑψηλοῦ
1287 1237 1578 1310 καθίσας
1640 1235 1762 1299 τοῦ
1813 1230 2112 1319 βήματος

142 1337 268 1404 ,καὶ
308 1338 543 1402 πᾶσαν
578 1331 701 1420 τὴν
739 1331 1120 1420 σύγκλητον
1149 1331 1319 1420 πρὸς
1346 1332 1674 1421 ἀκρόασιν
1710 1334 1848 1401 τῶν
1885 1344 2108 1421 μαθη-

140 1437 390 1524 ,μάτων
440 1437 563 1502 τοῦ
629 1433 869 1513 παιδὸς
917 1434 1383 1522 συγκαλέσας,
1449 1435 1980 1523 ἐκπληττόμενος
2029 1426 2113 1522 ἦν

144 1539 275 1606 ,καὶ
309 1536 687 1625 θαυμάζων
727 1538 836 1605 ἐπὶ
873 1540 956 1624 τῇ
996 1541 1118 1605 τοῦ
1148 1537 1392 1616 παιδὸς
1417 1536 1693 1626 ἀφωνία
1721 1539 1836 1606 καὶ
1865 1541 2112 1625 σιωπῇ,

154 1649 279 1710 καί
312 1661 480 1727 φησι
517 1637 696 1726 πρὸς
720 1642 882 1716 τοὺς
918 1641 1364 1726 μεγιστάνους
1402 1637 1616 1708 αὐτοῦ
1638 1657 1652 1669 ·
1707 1635 1881 1728 ,,κόὶν
1916 1638 2112 1727 ὑμεῖς

138 1741 282 1811 τόν
333 1741 497 1810 υἱόν
534 1766 666 1828 μου
718 1739 1082 1827 λαλήσατε
1133 1740 1339 1821 αὐτὸς
1376 1741 1547 1830 γὰρ,
1597 1740 1689 1820 ὥς
1729 1749 1932 1830 ἔοικε,
1979 1767 2112 1828 φο-

874 1844 902 1858 ⁸
912 1840 975 1909 ‚⁶⁶
1032 1847 1171 1911 τῶν
1209 1843 1285 1911 δὲ
1314 1842 1668 1932 ἀρχόντων
1700 1843 1949 1930 λόγους
1986 1851 2108 1911 λα-

150 1945 519 2034 λησάντων
577 1970 673 2011 τω
729 1944 866 2012 νέω
917 1952 1192 2029 γλυκεῖς
1240 1947 1353 2013 καὶ
1409 1947 1654 2013 τοῦτον
1709 1944 1878 2034 πρὸς
1933 1943 2113 2011 ἀπό-

138 2068 384 2139 τκρισιν
437 2047 816 2135 ἑλκόντων,
873 2050 1131 2127 ἐκεῖνος
1183 2047 1273 2127 ὦς
1321 2046 1397 2115 τὸ
1457 2047 1788 2136 πρότερον
1837 2049 2114 2114 σιωπῶν

2134 455 2178 492 Ρ.
2196 444 2246 484 10
2259 444 2313 486 Β.

2163 851 2188 890 5

2142 1362 2191 1401 10

2142 1870 2190 1908 15

140 2143 259 2238 ἦν.
359 2147 527 2219 ὅθεν
575 2146 610 2217 6
662 2148 981 2237 βασιλεὺς
1031 2150 1392 2238 περιαλγὴς
1454 2149 1853 2237 γενόμενος,
1904 2169 2113 2237 στρα-
2192 2226 2195 2228 Α

152 2253 404 2331 τιῶτας
455 2249 714 2319 κελεύει
763 2258 860 2329 εἰς
898 2249 1021 2338 τὴν
1066 2254 1190 2320 τοῦ
1229 2251 1644 2320 διδασκάλου
1695 2250 2111 2339 ἀναζήτησιν.

142 2362 229 2424 οἳ
260 2353 340 2423 δε
376 2356 706 2440 ἐπιμελως
735 2351 948 2421 αὐτὸν
977 2351 1505 2441 ἀναζητήσαντες
1543 2379 1680 2439 ουχ·
1709 2344 1932 2441 εὗρον.
1972 2352 2107 2421 πά-
2136 2380 2186 2418 20

157 2466 267 2525 λιν
308 2446 439 2523 οὖν
476 2453 513 2521 6
552 2454 870 2542 βασιλεὺς
906 2456 1082 2541 λέγει
1117 2470 1260 2535 τοϊς
1289 2459 1675 2543 μεγιστᾶσιν
1704 2455 1953 2524 αυτοῦ
1997 2463 2117 2545 ,,τι’

141 2557 292 2646 άρα
330 2554 502 2645 ’ὑμῖν
553 2564 867 2643 φαίνεται
913 2556 989 2625 τὸ
1028 2567 1245 2626 αἴτιον
1304 2562 1420 2645 τῆς
1469 2560 1727 2641 σιωπῆς
1774 2553 2110 2643 ταύτης;“

154 2656 389 2740 εἷς-δὲ
439 2658 705 2727 τούτων
754 2658 1093 2747 ἀπεκρίθη
1146 2663 1241 2750 τῷ
1292 2666 1558 2747 βασιλεῖ
1595 2659 1815 2744 λέγων
1864 2662 2122 2746 ,,δοκεῑ’

144 2789 311 2850 μοι,
352 2751 404 2828 ὦ
444 2763 763 2848 βασιλεῦ,
801 2759 892 2840 ὥς
933 2764 1028 2852 τῷ
1067 2764 1201 2850 vig-3
1242 2781 1367 2829 σου
1396 2760 1693 2848 βότανόν
1720 2787 1781 2828 τι
1818 2762 2114 2828 δέδωκεν

144 2864 196 2933 ·6
250 2863 702 2951 διδάσκαλος,
757 2860 926 2931 ὥστε
973 2861 1082 2932 διὰ
1131 2864 1254 2929 τοῦ
1318 2862 1617 2949 βοτάνου
1671 2861 2114 2952 στερεώτερον

301 3063 330 3112 1
371 3053 478 3119 ἕως
515 3046 585 3112 οὗ
625 3101 638 3114 .
662 3096 674 3113 .
711 3055 1084 3121 παρέλθωσιν
1121 3068 1199 3110 εει
1234 3077 1261 3110 e
1292 3064 1653 3112 consuetudine
1689 3063 1997 3137 εονίριοιιξηι
2032 3077 2130 3109 re·-

148 3129 562 3181 ventissimomm
731 3131 762 3178 2
810 3120 840 3178 6
877 3132 1019 3187 παῖς
1056 3146 1106 3178 κ.
1147 3126 1200 3178 δ.
1240 3147 1301 3179 ω.
1340 3121 1369 3178 ὁ
1406 3132 1545 3187 παῖς
1584 3130 1629 3178 A
1800 3132 1832 3179 3
1871 3119 2026 3195 αὐτῷ
2064 3135 2116 3178 ει

155 3192 348 3250 αὐτόν
392 3200 720 3259 προσκυνεῖ
754 3200 985 3261 scriptor·
1030 3198 1167 3246 dimit
1352 3200 1382 3247 9
1429 3196 1801 3275 περιχαρείας
1845 3181 2122 3277 opor-lebat

150 3269 434 3346 scriptum,
469 3266 528 3314 id
563 3266 699 3330 quod
739 3264 1129 3314 Boissonadium
1165 3280 1265 3314 non
1287 3265 1438 3344 Γιι9ἰι
1597 3268 1658 3316 13
1704 3282 1815 3316 καν
1847 3258 1883 3315 ὑ
1892 3266 2025 3327 μεῖς
2061 3266 2118 3313 id

153 3341 235 3385 est
271 3326 447 3397 ὑμεῖς
482 3347 546 3397 γε
686 3335 748 3382 14
785 3333 932 3395 οΓ.3,
972 3335 1033 3382 11
1177 3334 1238 3382 17
1276 3323 1563 3383 ἑλκόντων
1597 3335 1810 3416 scripsit
1853 3328 2117 3387 ελκοντες

151 3403 289 3455 libri.
368 3400 467 3450 sed
493 3406 705 3466 poterat
742 3402 891 3450 etiam
926 3401 1264 3452 nominaciuus
1299 3401 1557 3452 absolutus
1584 3394 1643 3450 οἷ
1667 3396 1734 3451 δε
1761 3391 2077 3464 ἄρχοντες.

157 3459 521 3544 λαλήσαντες
545 3465 683 3519 καὶ.
704 3463 1012 3526 ,ελκοντες
1047 3484 1081 3516 α
1114 3470 1372 3532 scriptore
1409 3469 1676 3532 profectus
1713 3483 1855 3522 esse,-
1891 3467 1959 3527 ef.
2001 3469 2046 3528 1,
2082 3433 2115 3514 6

292 3526 601 3601 πρότερον]
640 3529 871 3597 πρώτως
906 3538 954 3585 A
1067 3537 1130 3585 18
1167 3538 1429 3586 exciditne
1466 3537 1669 3586 uerbum
1708 3536 1893 3585 eundi?
1941 3549 2119 3597 quam-

149 3622 307 3672 quam
345 3605 501 3654 simili
534 3605 678 3654 modo
716 3605 985 3654 adhibetur
1019 3621 1068 3656 u.
1104 3619 1351 3669 μηνυειν
1387 3612 1441 3653 ιιι
1475 3606 1543 3653 sit
1579 3606 1614 3654 i.
1641 3619 1690 3667 q.
1730 3597 1982 3652 ἔστειλεν
2019 3599 2070 3648 D

2101 2440 2179 2481 ,Ρ.
2198 2430 2319 2469 1113.

2142 2888 2193 2927 25
