2563 4087
378 261 504 327 308
1161 263 1411 328 Aesopus
1447 264 1503 313 11
1536 282 1547 293 ·

386 422 692 510 πρόσθεν
754 421 1160 509 εἰρημένοις·
1233 422 1374 488 τῶν
1442 421 1574 508 γὰρ
1637 420 1931 490 λεόντων
2002 424 2121 490 καὶ
2181 427 2324 492 τῶν

384 524 615 593 λύκων
661 524 774 591 καὶ
823 524 964 589 τῶν
1003 521 1275 608 ἐλάφων
1321 523 1437 590 καὶ
1483 525 1623 590 τῶν
1671 519 1897 591 ἄλλων
1931 530 2201 611 θηρίων
2245 523 2323 592 τὸ

386 625 748 714 ἐπιβάλλον
775 623 889 692 καὶ
917 622 1460 711 θαυμασιότητος
1495 625 1776 710 μετέχον
1813 623 1880 703 ἐξ
1917 622 2151 692 αὐτῶν
2188 625 2324 714 πρὸ

374 725 755 813 ὀφθαλμῶν
788 726 1137 812 τιθέμενος
1175 739 1617 812 ψυχαγωγεῖν
1668 735 1872 794 εἴωθε
1906 726 2070 805 τούς
2106 725 2285 795 ἀκού
2294 765 2327 775 -

322 859 347 899 5
375 854 592 907 οντας.
693 824 1093 914 εὑρίσκομεν
1167 827 1298 915 γὰρ
1362 835 1838 915 παραπλησίας
1914 825 2135 896 αὐτοῦ
2201 854 2328 908 τας

388 928 722 1017 διηγήσεις
763 931 836 998 ἐν
871 945 1021 1008 ταῖς
1050 927 1184 997 άπὸ
1219 933 1356 997 τῶν
1384 928 1772 1016 ποιημάτων
1801 936 2326 1016 γνωμολογίαις,

383 1022 1015 1119 περιπεφρασμένας
1075 1029 1201 1118 μὲν
1262 1032 1376 1098 καὶ
1434 1030 1982 1119 προσομοιούσας
2042 1029 2324 1110 ταύταις

377 1133 493 1200 καὶ
530 1133 1152 1221 προκεχειρισμένας
1188 1130 1308 1200 ὑπ’
1346 1129 1603 1218 αὐτῶν,
1644 1137 1737 1201 ἔτι
1772 1131 1886 1199 καὶ
1921 1157 2064 1198 των
2101 1157 2319 1219 κεφα-

378 1241 592 1302 λαίων
643 1233 1040 1322 παράλληλα
1097 1235 1339 1313 θέντες
1391 1231 1486 1302 ἐπ’
1541 1232 1752 1320 αὐτῆς
1811 1236 1929 1320 τῆς
1991 1231 2326 1321 ἀληθείας

310 1366 361 1405 ιο
386 1335 467 1403 τὰ
508 1338 579 1404 ἐν
620 1335 878 1426 ἑκάστῳ
913 1334 1119 1427 μύθῳ
1157 1334 1504 1422 λεγόμενα.

512 1518 536 1565 1
576 1519 696 1575 τοῖς
734 1516 892 1566 ‘siin—⁹.
1016 1514 1131 1566 τῶν
1175 1508 1307 1596 γὰρ]
1357 1511 1462 1596 τὴν
1508 1509 1617 1582 γὰρ
1663 1516 1777 1568 τῶν
1815 1516 2012 1579 AVv‚
2066 1513 2240 1580 καὶγ
2207 1533 2324 1584 γαρ

372 1581 486 1634 τῶν
523 1552 913 1634 Hadamarius”
1053 1580 1153 1635 καὶ
1200 1582 1315 1635 τῶν
1362 1579 1549 1635 λύκων
1595 1601 1688 1636 om.
1734 1584 1781 1633 L
1835 1581 1935 1634 καὶ
1983 1555 2171 1635 λύκων
2218 1586 2325 1637 καὶ

373 1642 606 1715 ἐλάφων
640 1652 689 1701 V
715 1666 747 1699 v
885 1653 917 1701 3
961 1646 1206 1717 μέτοχον
1240 1652 1289 1702 Α
1426 1655 1459 1702 4
1504 1646 1707 1704 εἰώθει
1740 1651 1789 1700 A
1812 1651 1862 1702 V
1884 1667 1920 1699 v
2058 1654 2090 1702 5
2124 1666 2318 1718 παρα-

370 1716 624 1801 πλησίως
657 1722 889 1770 recensio
924 1721 973 1777 3,
999 1721 1115 1781 310,
1139 1722 1170 1770 5
1206 1722 1396 1770 rectius
1499 1711 1679 1771 αὐτοῦ
1714 1717 1819 1778 τὰς
1858 1736 1952 1774 om.
1987 1719 2035 1768 A
2061 1719 2168 1768 Vv

371 1788 403 1836 6
450 1800 564 1838 ano
610 1788 822 1851 scripsi:
870 1777 983 1837 ὑπὸ
1014 1786 1076 1835 L
1101 1787 1149 1836 A
1173 1787 1221 1837 V
1245 1804 1280 1836 v
1442 1790 1471 1837 ’7
1510 1782 1924 1872 πεφρασμένας
1961 1787 2007 1836 Α
2030 1787 2079 1835 V
2104 1802 2139 1834 v

370 1854 470 1905 καὶ
495 1843 951 1932 προσομοιούσας
976 1849 1215 1914 ταύταις
1250 1871 1344 1905 om.
1382 1855 1429 1905 A
1454 1855 1502 1904 V
1531 1871 1562 1903 v
1598 1853 1980 1919 προσομοίους
2017 1845 2197 1913 οὔσας
2233 1859 2322 1905 uel

369 1916 894 2004 προσομοιαζοιὶσας
931 1924 1148 1973 coniecit
1181 1922 1563 1974 Westermann
1666 1924 1698 1972 8
1735 1918 2322 1998 προσκεχειρισμένας

371 1990 418 2039 L
455 1984 956 2071 προσκεχρημένας
994 1991 1040 2039 Α
1063 1990 1111 2039 V
1146 2007 1197 2043 v.
1244 2007 1312 2040 an
1350 1987 1448 2040 καὶ
1485 1983 1629 2057 πρὸς
1668 1988 1848 2053 (dazu)
1887 1984 2320 2070 κεχωρισμένας

373 2051 476 2109 ἀπ’
500 2054 727 2110 αὖτωνῖ
823 2053 928 2123 ἔτι]
955 2052 1080 2110 ἐπεὶ
1106 2059 1152 2107 Α
1177 2059 1226 2110 V
1250 2075 1287 2107 v
1379 2062 1410 2110 9
1437 2061 1524 2124 qui
1544 2060 1671 2109 Ilaec
1695 2060 1923 2135 εονίρείἰ,
1949 2060 2156 2107 uidetur·
2178 2052 2325 2109 θέν-

371 2141 464 2185 τες
510 2133 721 2190 aptasse
756 2125 912 2176 uerbo
951 2117 1290 2204 εὑρίσκομεν
1335 2134 1386 2175 ec
1421 2125 1536 2178 τῶν
1578 2143 1628 2176 κ.
1676 2144 1724 2177 ιι.
1769 2126 1828 2176 λε
1871 2116 2083 2187 όμενα,
2129 2133 2188 2175 ut
2219 2128 2328 2175 sinc

374 2188 446 2243 τὰ
485 2195 533 2244 λ.
571 2191 683 2244 τῶν
727 2209 780 2244 κ.
818 2196 854 2243 ι’.
871 2212 954 2275 q.
999 2187 1071 2245 τὰ
1110 2196 1157 2245 λ
1205 2188 1519 2257 κεφάλαια.
1569 2211 1637 2243 an
1682 2208 1783 2243 scr.
1832 2141 1927 2246 {⁷12
1980 2191 2324 2257 κεφαλαίων

377 2265 463 2311 uel
497 2253 559 2311 ἐν
594 2258 897 2327 κεφαλαίῳ
934 2264 1052 2316 1‘.e.
1092 2262 1438 2313 summatim?
