2563 4087
796 274 826 311 e
859 257 1052 312 codice
1081 258 1385 314 Dresdensi
1414 259 1462 312 D
1497 266 1580 313 33.
2034 254 2158 318 217

195 404 359 486 (αμα
396 391 498 450 om)
547 387 558 452 Ι
605 389 691 451 90,
732 391 793 439 19
847 375 889 438 ὦ
930 386 979 454 β
966 426 1008 453 ,
1058 379 1309 448 οὐδένας
1360 383 1463 441 &bv
1503 382 1829 456 εὐρίοκεται
1864 407 1940 443 να
1976 384 2165 458 περνοὶ

197 466 320 526 τὸν
360 465 498 526 υἱόν
536 487 641 523 σου
679 469 762 531 εἰς
799 465 907 538 τὴν
945 467 1156 539 τέχνην
1194 472 1306 526 τῶν
1340 473 1739 542 μαθημοίτων
1778 479 1879 534 καὶ
1918 483 2033 533 τῶν
2071 478 2165 535 20⁹·

199 576 328 625 γων
369 554 457 617 εἰς
495 574 602 622 την
639 572 981 623 ρητορικην,
1022 555 1107 617 εἰς
1146 558 1480 625 φλοσοφιάν
1519 560 1619 613 καὶ
1659 560 1743 623 εἰς
1781 558 1927 619 ἄλλα
1964 560 2169 634 μαθή·

197 659 388 709 ματα.
418 640 428 705 Ι
464 644 551 708 91,
589 644 621 693 9
656 659 747 708 πρ.
786 658 860 693 να
896 641 1121 709 τιμηθῆ
1157 639 1417 710 μεγοίλως
1468 643 1571 697 καὶ
1607 640 1681 699 νοὶ
1721 641 1867 716 λάβῃ
1904 641 2018 702 ἀπὸ
2058 644 2166 717 τήν

198 726 528 794 βασιλείαν
564 741 669 778 σου
704 717 878 790 (ἰξίαν
915 717 1294 793 ἄνταμειβὴν.
1349 724 1449 779 καὶ
1486 721 1696 798 ἕπειδῆ
1731 723 1775 783 ὦ
1812 733 1863 800 β.
1900 723 2072 787 αὐτοὶ
2109 729 2170 787 οἴ

197 830 266 878 φ.
304 811 314 878 Ι
349 814 441 877 91,
482 814 545 863 15
579 813 712 863 idem
746 815 942 863 lemma:
980 812 1132 862 habet
1157 810 1313 863 ἴδιον
1344 811 1353 876 Ι
1384 816 1465 872 91,
1496 817 1557 865 16
1583 813 1684 867 καὶ
1720 809 1862 883 ἦτον
1900 816 2002 871 καὶ
2029 815 2164 879 ἕνας

197 896 398 965 γέρων
456 886 768 961 ἅνθρωπος
821 885 1064 962 ἆμαθῆς
1116 893 1217 947 καὶ
1268 889 1626 963 παραλύτος,
1684 898 1784 952 καὶ
1834 894 2166 967 εὗρίσκετον

194 998 271 1049 με
333 974 411 1033 τοὶ
466 977 802 1032 παὶπαιὸία.
850 977 952 1031 καὶ
989 972 1018 1032 ὁ
1058 979 1110 1046 β.
1150 975 1329 1046 ἔκοψε
1374 980 1384 1047 Ι
1433 985 1515 1040 91,
1555 986 1616 1033 21
1657 971 1751 1051 ἦν]
1809 981 1962 1038 εἶναι
2022 986 2074 1053 (ἰ.
2111 1005 2162 1040 e.

199 1060 436 1132 ἐστὶν)Ι
472 1068 559 1130 92,
596 1068 628 1117 3
665 1060 707 1116 ἓ.
746 1058 820 1132 ὁ.]
859 1060 934 1117 νά
972 1057 1078 1132 τὴν
1118 1060 1267 1128 esst,
1316 1062 1418 1117 καὶ
1463 1059 1593 1118 τότε
1641 1061 1714 1118 vo}
1751 1064 1859 1134 τὴν
1897 1065 2164 1139 συντύχη.

198 1168 308 1203 non
350 1152 610 1201 intellexit
641 1150 798 1215 igitur
835 1141 1072 1215 quid‘lzic
1105 1151 1172 1200 εἰι
1208 1141 1409 1215 ὁμιλία
1440 1148 1448 1213 Ι
1480 1153 1566 1217 92,
1598 1154 1630 1203 5
1666 1167 1712 1205 τ.
1749 1167 1798 1208 σ.
1836 1171 1888 1209 α.
1928 1171 2005 1205 om
2035 1156 2044 1220 Ι
2076 1160 2160 1223 92,

203 1238 270 1288 13
300 1227 514 1301 μήπως
551 1230 670 1285 καὶ
704 1225 962 1301 ἄργήσωε
1001 1237 1138 1300 quod
1155 1236 1389 1297 defendit
1413 1236 1743 1287 Boissonadi
1766 1242 2167 1302 explicationem

200 1337 391 1372 ueram
430 1334 542 1392 esse
589 1317 597 1382 Ι
646 1320 730 1381 92,
770 1320 988 1381 17-93,
1030 1321 1056 1368 1
1095 1315 1194 1369 καὶ
1250 1314 1456 1383 ἔβαλεν
1510 1311 1675 1386 ὁρίζη
1724 1314 1800 1373 να
1840 1313 2041 1389 βρᾶση,
2083 1317 2156 1374 vo?

190 1396 374 1470 ,δαίσῃ
415 1400 520 1454 τοῦ
557 1400 804 1454 παιδίου
839 1394 914 1454 να
952 1395 1133 1470 φάγῃ.
1177 1400 1280 1455 καὶ
1327 1393 1470 1455 αὐτὸ
1520 1398 1699 1456 διανά
1745 1398 1901 1457 εἶναι
1937 1400 2162 1473 μικρὸν,

203 1486 380 1542 ἔκλεε
420 1484 521 1538 καὶ
557 1479 746 1552 ἐζήτει
780 1480 1213 1554 περισσότερον·
1250 1478 1407 1555 ὅμως
1433 1480 1629 1554 ἐκείνη
1656 1484 1832 1554 ἔκαμε
1853 1483 1917 1542 τὸ
1944 1492 2009 1543 θ.
2035 1502 2161 1544 του·

203 1572 312 1626 καὶ
356 1564 502 1623 αὐτὸ
542 1561 726 1636 ἤθελε
762 1570 940 1623 πᾶλιν
995 1568 1094 1624 καὶ
1141 1564 1274 1624 ἄλο·
1329 1569 1431 1624 καὶ
1476 1567 1633 1639 ἔλεγε
1672 1573 1776 1640 τῆς
1812 1568 2023 1641 μητρός
2060 1591 2164 1627 του

204 1656 548 1715 κλαίωντας
584 1650 746 1707 θέλω
785 1647 960 1721 ἄκόμι
997 1652 1099 1707 καὶ
1135 1648 1267 1709 ἅλω.
1303 1656 1312 1722 Ι
1343 1660 1426 1719 93,
1452 1660 1485 1709 3
1521 1646 1574 1708 ἆ.
1611 1649 1866 1726 πόρνος
1905 1653 1947 1711 ἔ.
1981 1659 1989 1725 Ι
2021 1663 2105 1725 93,
2131 1664 2163 1712 5

206 1742 340 1803 πῶς
379 1735 532 1793 εἷσαι
569 1732 740 1792 τόσον
776 1736 1176 1806 α’ὃιοὶντροπον
1223 1741 1232 1805 Ι
1283 1744 1364 1804 93,
1406 1745 1435 1793 7
1489 1730 1794 1794 ὅτι’τόσον
1831 1741 2165 1812 μαγέρευμα

19 1836 22 1869 fl
204 1826 312 1880 καὶ
356 1819 550 1891 ὃρίζη,
589 1816 666 1875 νοὶ
703 1819 954 1891 ἔτρωγαν
990 1841 1051 1880 π.
1093 1816 1148 1876 ἅ.
1185 1817 1492 1893 ἔχόρτεναν
1529 1823 1630 1877 καὶ
1665 1819 2021 1894 ἐπερίσσευε·
2060 1825 2161 1879 καὶ

207 1905 315 1966 ἔσύ
370 1904 477 1962 ‹na›
534 1903 687 1975 ἔχεις
731 1900 906 1973 οἷκόμι
954 1902 1277 1976 χορτασμὸν
1324 1901 1430 1975 οἷμι
1479 1904 1652 1975 ζητᾶς
1698 1908 1798 1962 καὶ
1835 1904 2009 1975 αλλος
2062 1908 2163 1962 καὶ

210 1988 368 2051 αυτὸ
409 1990 596 2062 λέγει·
637 1985 737 2043 ἐσύ
774 1992 1027 2059 μᾶλιστα
1065 1989 1167 2046 ὃὲν
1204 1989 1355 2060 ἔχεις
1379 1985 1513 2046 οὔτε
1549 2009 1761 2061 γνωσιν
1800 2011 1933 2048 ουτε
1972 1988 2163 2063 ἐντρο-

208 2076 365 2149 πὴν·
404 2096 498 2131 οτι
536 2069 708 2144 ζητοὶς
742 2077 845 2142 τῆς
880 2073 1069 2145 μα’νας
1106 2094 1218 2144 μου
1245 2070 1553 2145 πράγματα
1582 2069 1816 2146 ἅπρεπα
1851 2075 1951 2130 καὶ
1975 2072 2161 2148 παρά-

213 2168 387 2231 ξενα·
429 2155 502 2215 τοὶ
537 2154 718 2214 ὁποῖα
756 2156 908 2214 εἶναι
955 2154 1178 2229 γεμοὶτα
1222 2149 1529 2229 ἔντροτὶἡν·
1584 2159 1682 2214 καὶ
1723 2156 1971 2232 διώχνης
2008 2158 2156 2233 προί-

213 2251 310 2316 ξιν
343 2247 352 2316 Ι
386 2251 470 2312 93,
512 2248 575 2297 15
611 2238 760 2298 ὀποῦ
797 2245 978 2312 καλῆς
1016 2237 1409 2313 ἆδιοῖντροπον
1438 2245 1448 2312 Ι
1478 2250 1563 2312 93,
1592 2250 1655 2298 16
1681 2245 1930 2314 μᾶλιστα
1968 2245 2035 2301 δὲ
2061 2246 2163 2300 καὶ

209 2333 283 2391 τοὶ
326 2323 511 2400 μάτιοῖ
562 2345 676 2394 μου
722 2323 1212 2399 ἐκαθαρίσθησαν
1251 2323 1365 2383 ἀπὸ
1404 2324 1475 2383 τὰ
1516 2329 1743 2399 δάκρυα
1780 2331 1881 2385 καὶ
1919 2325 2160 2400 ἐφωτίσ-

211 2419 419 2486 θησαν
451 2417 461 2482 Ι
493 2418 580 2479 94,
617 2417 647 2464 2
686 2408 766 2468 ἐκ.
804 2407 920 2467 ἀπὸ
968 2409 1078 2481 τὴν
1109 2409 1202 2468 οἰκ.
1241 2407 1456 2483 αὐτὴν,
1497 2413 1616 2468 καὶ
1653 2413 1954 2483 αἰσχρὰν
1990 2416 2155 2485 πρᾶ-

216 2502 334 2568 ξιν
389 2494 571 2553 ὁποῦ
624 2489 887 2564 ἤθελες
941 2495 1022 2551 νά
1078 2492 1318 2568 κάμῃς.
1374 2498 1474 2552 καὶ
1528 2492 1593 2552 τὸ
1638 2501 1971 2567 μαγέρευμα
2008 2494 2158 2554 ὀποῦ

214 2582 603 2653 ἔπαρείθεσαν
641 2576 743 2635 διὰ
782 2575 855 2635 νοὶ
892 2583 1103 2653 κλαίω,
1162 2579 1215 2636 εἶ
1249 2602 1304 2636 τι
1341 2583 1440 2636 καὶ
1476 2574 1550 2635 ἂν
1604 2573 1797 2650 ἤθελα
1832 2574 2030 2650 ἦλθαν
2070 2582 2160 2638 εὕ-

213 2674 380 2725 κολα.
420 2664 668 2734 (bekam
703 2669 805 2718 mir
837 2659 985 2736 gut’)
1038 2670 1047 2733 Ι
1096 2671 1179 2733 94,
1219 2672 1250 2720 9
1288 2668 1407 2728 πῶς
1444 2664 1595 2735 ἔχεις
1631 2660 1915 2735 τοσαύτην
1952 2663 2162 2737 γνῶσιν

215 2758 224 2820 Ι
263 2759 353 2820 94,
395 2756 460 2805 11
499 2748 583 2812 εἰς
618 2745 727 2819 τὴν
763 2748 984 2820 μητέρα
1014 2752 1022 2817 Ι
1056 2756 1140 2817 94,
1180 2756 1380 2805 16-18
1424 2770 1471 2804 τ.
1508 2742 1952 2819 ὃὸ...αὖτοὺς]·
2011 2743 2159 2820 ὅμως

215 2836 498 2905 ἔφθασαν
520 2833 603 2897 εἰς
623 2832 727 2888 ἕνα
745 2838 982 2903 χωρίον,
1007 2835 1108 2890 καὶ
1128 2830 1441 2889 ἕκόνευσαν
1461 2832 1751 2902 (ᾱθαετεαὲί
1777 2836 1928 2902 sunt)
1952 2834 2036 2899 εἰς
2057 2836 2161 2892 ἕνα

219 2916 410 2990 σπήτη
431 2938 570 2988 μιας
591 2922 817 2988 γραίας.
857 2918 958 2974 καὶ
994 2914 1152 2975 οὖσαν
1173 2912 1613 2989 ἄναπαύθησαν
1647 2913 1765 2973 ὁλί
1771 2938 1918 2988 γον,
1950 2920 1959 2989 Ι
1992 2927 2076 2988 94,
2097 2927 2164 2977 20

215 3002 501 3076 ἡτοίμασε
556 3023 670 3073 μας
723 2998 1065 3073 ὖποκᾶμισα
1100 3004 1200 3058 καὶ
1254 3002 1439 3073 §ozza
1476 2998 1577 3057 διὰ
1632 2998 1697 3058 τὸ
1738 3000 2003 3066 λουτρὸν·
2058 3006 2161 3060 καὶ

217 3088 583 3159 πηγένοντας
618 3084 1030 3158 ἄλησμόνησαν
1066 3084 1141 3142 τὰ
1171 3088 1361 3157 κτένη.
1402 3085 1528 3142 εἶτα
1569 3084 1784 3156 ἔβαλαν
1820 3085 1894 3142 τοὶ
1931 3094 2160 3158 φλωρία

221 3173 302 3237 εἰς
337 3177 472 3240 τρία
507 3175 791 3244 πουγγία,
831 3172 930 3227 καὶ
968 3167 1193 3226 ἔδωκάν
1228 3191 1303 3226 τα
1327 3171 1430 3242 τῆς
1454 3175 1662 3240 γραιάς
1686 3191 1761 3226 να
1796 3172 1868 3226 τοὶ
1894 3170 2160 3244 φυλάγη·

218 3259 319 3313 καὶ
356 3254 557 3328 ναμὴν
593 3255 782 3326 δὀὔσης
818 3257 979 3320 τινὸς
1016 3253 1131 3311 ἀπὸ
1167 3252 1325 3326 ἡμὰς
1359 3256 1608 3327 κανένα,
1649 3248 1724 3311 ἄν
1762 3259 1864 3311 ὃεν
1900 3250 2161 3327 ἥμεσθεν

219 3343 318 3397 καὶ
355 3340 416 3397 οἰ
449 3338 606 3411 τρεῖς
646 3343 815 3411 μαζῆ.
847 3343 856 3410 Ι
888 3347 970 3406 95,
1014 3348 1078 3396 10
1113 3342 1215 3396 καὶ
1254 3337 1476 3404 ἐκείνος
1501 3339 1603 3396 δὲν
1640 3337 1910 3410 ἔγύρευσε
1950 3343 2161 3409 (postu-

214 3427 382 3496 lauit)
420 3422 485 3494 τὸ
521 3424 710 3492 κτένι,
767 3422 915 3480 α’λλοὶ
959 3424 1116 3496 λέγει
1150 3427 1253 3495 τῆς
1300 3432 1536 3496 γραῖας·
1571 3426 1684 3493 μοῦ
1723 3421 1894 3480 εἶπαν
1932 3422 1990 3479 οἱ
2024 3442 2159 3481 συν·

221 3506 427 3580 τρόφοι
483 3506 559 3564 νὰ
614 3511 725 3578 μοῦ
774 3508 961 3579 δῶσης
1014 3506 1085 3564 τὰ
1125 3513 1403 3581 φλουρία·
1456 3528 1529 3578 με
1564 3507 1633 3564 τοὶ
1688 3511 1941 3578 πουγγία
1976 3506 2054 3564 να
2089 3508 2162 3565 τά

219 3589 425 3666 ὑπάγω
463 3590 602 3650 ἐκεῖ.
648 3597 657 3662 Ι
704 3601 788 3662 95,
827 3601 891 3650 13
930 3587 1003 3649 ἂν
1041 3592 1144 3649 δὲν
1182 3593 1388 3650 ἔλθετε
1441 3596 1449 3662 Ι
1491 3599 1575 3661 95,
1615 3599 1678 3648 18
1716 3589 1842 3648 αὐτ.
1882 3587 1975 3648 ἄν.
2013 3614 2107 3649 om.
2148 3601 2157 3663 Ι
