2563 4087
421 240 550 305 290
907 218 921 231 “
1232 241 1477 307 Aesopus
1517 241 1542 291 1

425 408 731 486 ψύθυρον
766 397 984 485 ἄνδρα
1025 403 1261 485 ἔκβαλε
1312 400 1434 483 σῆς
1469 388 1718 485 οἰκίας,
1766 397 1847 466 τὰ
1884 398 2017 487 γὰρ
2052 397 2197 468 ὑπὸ
2234 403 2366 468 σοῦ

220 529 329 580 p.82
346 528 381 568 b.
423 503 752 589 λεγόμενα
797 500 912 567 καὶ
961 497 1390 587 πραττόμενα
1439 501 1687 587 ἑτέροις
1735 503 1965 588 φέρων
2006 499 2366 589 ἀναθήσει.
2424 508 2431 511 ’

425 606 673 691 πρᾶττε
719 600 846 689 μὲν
893 596 974 667 τὰ
1011 598 1101 688 μὴ
1137 597 1531 687 λυπήσοντοὶ
1567 623 1666 688 σε,
1710 602 1830 670 ’ἐπὶ
1870 601 1947 671 δὲ
1994 618 2141 681 τοῖς
2181 623 2367 690 συμ-

422 714 740 792 βαίνουσι
785 701 875 790 μὴ
923 706 1166 770 λυποῦ.
1250 701 1415 789 μήτε
1476 703 1740 789 πονηρὰ
1784 704 2131 791 βουλεύσῃ
2201 703 2369 772 ποτὲ

371 838 397 876 5
423 807 588 894 μήτε
634 805 931 890 τρόπους
976 810 1208 871 κακῶν
1243 804 1566 892 μιμήσῃ.“
1644 804 1917 883 Τούτοις
1953 809 2082 873 τοῦ
2123 806 2369 874 Αἰσώ-

425 933 559 976 που
587 906 708 975 τὸν
726 904 974 975 ’Ἑννον
1002 904 1568 991 νουθετήσαντος,
1600 909 1856 985 ἐκεῖνος
1872 922 2013 985 τοῖς
2032 933 2105 973 τε
2130 907 2370 991 λόγοις

423 1009 540 1077 καὶ
575 1010 657 1096 τῇ
697 1014 914 1095 οἰκείᾳ
953 1006 1331 1093 συνειδήσει
1366 1001 1479 1074 οἷά
1527 1032 1656 1074 τινι
1691 1009 1870 1091 βέλει
1906 1009 2187 1093 πληγεὶς
2235 1007 2373 1093 τὴν

426 1110 680 1197 ψυχήν,
713 1107 855 1197 μετ’
898 1105 981 1175 οὐ
1020 1109 1273 1187 πολλὰς
1302 1105 1554 1195 ἡμέρας
1582 1109 1705 1176 τὸν
1738 1114 1894 1195 βίον
1929 1107 2366 1196 μετήλλαξεν.

221 1236 389 1301 xxvu
559 1221 876 1290 Αἴσωπος
925 1208 1000 1277 δὲ
1047 1235 1211 1287 τους
1267 1208 1530 1290 ἰξευτᾶς
1579 1209 1836 1287 πάντας
1891 1209 2369 1295 προσκαλεσά-

214 1327 221 1334 ’
346 1342 397 1379 ιο
424 1340 648 1401 μενος,
694 1310 914 1380 αετῶν
972 1309 1289 1388 νεοττούς
1334 1312 1655 1397 τέτταρας
1705 1315 2186 1398 συλληφθῆναι
2247 1338 2363 1379 κε-

426 1415 620 1491 λεύει.
695 1414 1217 1502 συλληφθέντας
1253 1401 1383 1479 οὖν
1418 1410 1637 1491 ούτως
1677 1418 1991 1499 ἔθρεψεν,
2036 1410 2127 1491 ὦς
2167 1415 2371 1519 λέγε-

422 1543 554 1601 ται,
589 1515 703 1583 καὶ
741 1510 1226 1598 ἐπαίδευσεν,
1203 1511 1369 1597 όπερ
1399 1507 1480 1581 ου’
1513 1514 1697 1595 πάνυ
1725 1522 1799 1582 τί
1827 1541 1908 1601 με
1951 1510 2373 1600 πειθόμενον

426 1623 579 1703 ἔχει,
616 1643 709 1695 ως
746 1623 993 1695 παῖδας
1022 1613 1132 1683 δια
1165 1614 1495 1682 θυλάκων
1523 1610 1759 1703 αὐτοῖς
1788 1618 2374 1703 προσηρτημένων

423 1718 873 1806 βασταζοντας
901 1725 999 1797 εἰς
1027 1713 1203 1796 ὕψος
1231 1724 1566 1803 αἴρεσθαι,
1604 1718 1717 1783 καὶ
1754 1712 1970 1795 ούτως
2004 1714 2373 1803 υπηκόους

349 1845 397 1884 15
422 1837 565 1898 τοῖς
604 1820 838 1886 παισὶν
886 1817 1082 1902 εἶναι,
1132 1844 1224 1896 ως
1261 1813 1540 1904 ὅποιπερ
1587 1845 1674 1885 αν
1716 1820 1957 1885 ἐκεῖνοι
2000 1818 2374 1923 βούλοιντο

426 1926 750 1990 ἵπτασθαι
784 1918 870 1987 ἄν
906 1947 977 1988 τε
1013 1926 1110 1999 εἰς
1148 1916 1350 2002 ὕψος,
1386 1916 1473 1986 ἅν
1508 1946 1578 1986 τε
1615 1926 1711 1998 εἰς
1748 1923 1879 2005 γῆν
1913 1920 2174 2007 χαμάζε.
2239 1923 2371 2005 τῆς

384 2053 393 2066 ·
426 2022 502 2092 δε
539 2025 905 2111 χειμερινῆς
943 2019 1120 2110 ὥρας
1157 2019 1732 2109 παραδραμούσης
1779 2011 1967 2090 καὶ
1928 2048 2090 2109 ηρος
2129 2024 2362 2108 διαγε-

425 2126 779 2209 λάσαντος,
817 2123 1083 2192 ἅπαντα
1110 2121 1190 2191 τὰ
1220 2122 1390 2208 πρὸς
1418 2123 1541 2212 τὴν
1568 2119 1737 2191 ὁδὸν
1765 2122 2370 2211 συσκευασάμενος

427 2236 773 2310 Αἴσωπος,
802 2227 915 2293 καὶ
941 2225 1103 2304 τούς
1129 2251 1200 2292 τε
1228 2227 1478 2303 παῖδας
1498 2223 1728 2311 λαβὼν
1755 2226 1869 2293 καὶ
1896 2223 2057 2304 τούς
2084 2222 2368 2312 αετούς,

423 2347 813 2420 ἆγαθοποιεῖν
835 2349 931 2433 μὴ
942 2346 1273 2404 ἀπαναίνου
1310 2337 1356 2402 L
1383 2353 1473 2402 Mo
1580 2355 1606 2402 1
1643 2345 1942 2433 ψιθυρόνῖ
1977 2349 2276 2428 ψύθειρον
2325 2355 2367 2402 Ρ

527 2426 557 2472 2
595 2418 694 2472 καὶ
715 2416 1078 2502 πραττόμενα
1104 2438 1197 2474 om.
1225 2420 1272 2471 Φ
1380 2417 1561 2485 φέρον
1587 2423 1629 2471 Ρ
1733 2426 1765 2473 3
1789 2420 2005 2499 πρᾶττε
2028 2421 2112 2470 M:
2139 2438 2369 2486 πραττε

424 2492 590 2541 ceteri
691 2484 795 2554 μὲν
822 2506 890 2541 τα
919 2484 1021 2555 μὴ]
1058 2483 1134 2555 μὴ
1165 2483 1234 2540 τὰ
1270 2488 1321 2537 Β.
1345 2487 1390 2536 Ε
1419 2488 1469 2537 H
1495 2489 1546 2538 K
1569 2488 1610 2538 Z
1634 2505 1670 2539 v
1777 2481 2117 2553 λυπήσαντοὶ
2150 2489 2197 2550 Ω
2235 2488 2368 2550 (τα-

423 2548 966 2624 μηλυπείσωντοὶσαι
1003 2558 1067 2621 Ρ)
1174 2551 1545 2621 σιμβένουσιν
1579 2555 1834 2635 μιληποῦ
1868 2558 1910 2607 Ρ
2047 2560 2080 2607 5
2115 2553 2370 2638 μιμήση]

424 2640 492 2745 εξ
524 2643 669 2746 ἶυῖε
701 2643 777 2744 εἴ)
795 2623 1309 2772 εσίξιὲαῡσημνῖμιιὸξήξῐῗ
1340 2625 1387 2739 Il³
1521 2640 1747 2743 Ίτῖῗιῖῗα
1759 2625 1835 2741 ΡΚ
1961 2610 2369 2768 ῗιέξύέἓῖηηῖξ

592 2762 666 2810 πλ
709 2760 813 2826 γῆς
851 2762 893 2810 Ρ
1065 2761 1114 2808 8-
1134 2755 1315 2816 πολάς
1352 2758 1466 2821 Ω1,
1504 2775 1642 2810 corr.
1680 2760 1726 2822 Q
1751 2763 1783 2809 2
1952 2752 2298 2839 μετήλαξεν
2316 2761 2363 2809 Ρ

423 2819 679 2892 κατήλλα
722 2841 782 2877 εν
820 2828 866 2875 R
905 2819 1216 2905 διήλλαξεν
1251 2827 1300 2876 V
1471 2830 1501 2877 9
1536 2820 1761 2906 πάντας
1797 2844 1893 2882 om.
1927 2827 1978 2876 D
2136 2830 2198 2876 10
2235 2822 2364 2876 τέτ-

423 2910 590 2972 ταρες
627 2896 669 2942 Ρ
842 2891 942 2944 καὶ
980 2888 1134 2945 λεύει
1170 2895 1214 2943 Ρ
1392 2896 1451 2942 11
1497 2902 1614 2959 post
1652 2911 1833 2954 ουτως
1870 2897 2108 2945 distinxit
2148 2910 2197 2954 a,
2235 2902 2364 2945 ante

424 2952 605 3019 οὕτως
642 2961 687 3022 Ω
714 2961 764 3009 D
791 2961 838 3012 Φ
866 2960 911 3009 E
935 2962 990 3012 H
1095 2966 1157 3011 12
1194 2955 1504 3012 ἐπέδευσεν
1538 2963 1582 3011 P
1687 2961 1762 3028 τι]
1805 2978 1894 3013 τοι
1931 2965 1977 3012 Α
2083 2966 2145 3013 13
2183 2958 2285 3026 ἔχη
2317 2962 2364 3010 Ρ

559 3025 1037 3111 προσηρτυμένων
1071 3032 1117 3079 Α
1152 3022 1296 3092 πρὸς
1334 3021 1642 3108 ἡςτιμένον
1678 3032 1721 3081 Ρ
1755 3023 2271 3112 προσηρτῃσμὲνων
2312 3029 2368 3080 R

422 3093 920 3175 προσηρτισμένων
959 3099 1001 3146 Ε
1029 3098 1083 3147 H
1225 3099 1289 3146 14
1324 3113 1492 3155 ουτος
1529 3097 1572 3146 Ρ
1689 3099 1751 3148 15
1786 3115 1873 3156 τις
1909 3115 1966 3150 π.
2002 3114 2145 3163 ηναι
2180 3098 2224 3146 Ρ

421 3179 534 3243 οπη
571 3179 677 3225 περ
714 3164 782 3244 Ω
783 3166 833 3215 D
871 3155 1012 3229 ὅπερ
1050 3166 1098 3214 R
1133 3153 1330 3228 ὅτιπερ
1366 3167 1411 3214 E
1438 3165 1493 3215 H
1536 3153 1793 3232 ὅπουπερ
1829 3166 1881 3215 Κ
1903 3164 1944 3214 Ζ
1969 3182 2005 3214 v
2142 3153 2363 3242 ἐκύνην

425 3229 706 3297 βουληντο
742 3223 874 3297 ἥπτ.
916 3233 959 3281 Ρ
1102 3236 1163 3283 16
1200 3229 1511 3298 ἵπτασθαι]
1554 3249 1614 3282 αι
1650 3248 1786 3283 corr.
1822 3250 1894 3284 ex
1932 3248 1958 3284 ε
1993 3233 2063 3283 Ζ’
2173 3224 2363 3297 χαμά-
2433 3267 2447 3275 .

423 3299 515 3361 ζαι
541 3300 582 3348 Ρ
619 3299 835 3365 χαμᾶζε
860 3300 917 3349 Μ
940 3297 995 3349 Η
1018 3315 1054 3349 v
1091 3292 1308 3376 χάμαζε
1346 3300 1415 3361 Ζ;
1449 3309 1669 3351 ceterum
1699 3318 1798 3351 mm
1825 3301 1998 3353 dubito
2024 3302 2143 3365 quin
2168 3308 2363 3348 ectr-nm

386 3384 517 3433 ·que
565 3375 616 3417 et
661 3364 745 3426 εἰς
792 3369 903 3448 γῆν
950 3374 1001 3418 et
1048 3358 1285 3443 χαμαζε
1310 3384 1342 3417 α
1376 3370 1632 3431 scriptore
1667 3371 1735 3419 sit
1769 3371 2054 3432 profectum
2226 3364 2360 3432 τῆς]

422 3452 506 3493 τις
542 3435 586 3485 Ρ
711 3438 769 3485 17
809 3426 948 3500 δρας
986 3437 1029 3485 Ρ
1156 3437 1218 3484 18
1256 3424 1512 3512 ἅπαντα]
1555 3433 1655 3486 καὶ
1693 3425 1926 3487 ἅπαντα
1965 3437 2006 3486 Ρ
2102 3425 2275 3486 -ὁδῶν
2316 3435 2362 3490 Ρ

424 3494 848 3580 σκευασάμενος
884 3503 929 3580 Ω
1105 3505 1166 3552 19
1210 3518 1345 3562 τους
1381 3518 1441 3553 τε
1476 3501 1544 3566 D,
1591 3519 1652 3555 τε
1688 3520 1777 3556 om.
1819 3504 1947 3566 ΜΩ
2123 3492 2359 3572 ἀετοὺς]

423 3566 690 3627 νεοττοὺς
723 3569 837 3620 τῶν
876 3561 1061 3620 αετῶν
1099 3568 1198 3619 Φ
