2563 4087
2029 3 2082 6 ‚ff
2097 3 2106 6 -
2119 1 2524 149 ww]

407 226 536 290 224
1229 235 1508 306 ΕιοθιῬὺο,

411 357 677 430 ἆγαποῦν
707 364 718 430 Ι
751 370 865 429 130,
904 369 968 417 21
1006 356 1145 418 οὔδε
1184 361 1324 418 ἔναν
1360 357 1677 432 ἄνθρωπον
1709 363 1812 420 ὃὲν
1837 361 2157 421 &oceanum
2186 372 2194 432 Ι
2231 373 2339 431 131,

411 452 544 500 2-6
600 439 771 509 ὅσους
825 448 1024 516 βλέπει
1060 441 1209 501 ὀποῦ
1248 447 1350 504 δὲν
1390 446 1703 518 4ἔρχουνται
1741 449 1826 512 εἰς
1860 446 1967 519 τὴν
2006 452 2060 505 δ’.
2100 469 2237 513 τους
2272 470 2341 518 με

409 528 687 602 καθαρὴν
725 534 980 600 καρδίαν
1015 530 1115 586 καὶ
1159 528 1419 602 γνώμην·
1456 525 1836 603 ’ἐπιθυμηταὶ
1892 533 2044 590 εἶναι
2095 556 2144 593 τ.
2184 556 2234 590 ν.
2275 535 2339 589 3.-

409 611 558 670 ἀλλὰ
594 618 644 683 β.
682 611 1083 684 ὖπομένουν..
1108 617 1243 671 ’καὶ
1275 612 1374 679 ἰῶς
1426 612 1470 672 ἐ.
1508 613 1618 686 τὴν
1652 611 1710 674 οἷ.
1747 620 1800 674 ὃ.
1854 621 2163 687 μισοῦνται
2199 638 2260 673 π.
2298 641 2341 673 τ.

408 718 455 754 σ.
487 702 497 769 Ι
531 707 644 766 131,
686 706 749 755 10
782 708 959 756 ποῐαν
997 721 1046 771 χ.
1085 699 1129 756 ἔ.
1182 704 1191 765 Ι
1248 708 1365 768 131,
1404 708 1467 755 11
1515 721 1590 758 να
1624 700 1824 772 θαρἆ
1859 702 2023 766 τινὰς
2059 699 2101 759 ἕ.
2141 725 2191 758 τ.
2229 707 2297 758 θ.
2334 716 2339 769 Ι

410 792 526 852 131,
568 790 650 838 16.
679 790 740 841 17
760 778 962 848 ὅποιος
988 783 1094 841 &bv
1120 788 1346 853 φθονεῖ
1365 781 1498 840 τινὰ
1525 787 1625 841 καὶ
1652 784 1756 842 ὀὲν
1778 785 2123 856 κατακρένει
2149 783 2342 851 ἄλλον,

346 885 349 888 ’
406 867 584 936 μόνον
620 871 723 923 τοῦ
762 865 933 938 λόγου
969 886 1097 925 του·
1134 870 1236 925 καὶ
1271 866 1464 938 ναμὴν
1502 871 1781 938 φαίνεται
1804 867 1879 925 νοὶ
1914 871 2209 941 μέμφεται
2245 867 2342 928 ἄν·
2398 938 2401 943 .

407 958 647 1020 θρωπον
673 949 874 1023 ἄλλον,
910 974 965 1022 μ..
1003 956 1012 1021 Ι
1041 960 1155 1020 132,
1189 961 1221 1009 6
1257 950 1528 1023 λογισμὸς
1563 974 1641 1009 om
1670 956 1679 1021 Ι
1713 961 1827 1021 132,
1863 960 1894 1009 7
1939 958 2296 1025 μολυσμένος
2333 958 2340 1029 Ι

410 1043 527 1104 132,
564 1045 593 1092 7
630 1042 782 1093 habet
818 1037 937 1109 ἔχει
974 1038 1111 1110 ἔργα
1142 1041 1150 1108 Ι
1184 1045 1299 1105 132,
1334 1045 1367 1094 8
1402 1035 1479 1102 ὡς
1513 1036 1686 1110 μέγα]
1726 1032 1917 1106 ἄκόμα
1964 1043 1973 1107 Ι
2024 1046 2141 1109 132,
2182 1049 2213 1096 9
2249 1045 2343 1097 καὶ

405 1142 512 1184 om,·
547 1119 657 1192 τὴν
691 1117 1160 1192 ὑπερηφάνειαν,
1198 1121 1306 1191 τὴν
1342 1124 1689 1190 κενοδοξίαν
1733 1124 1834 1178 καὶ
1867 1121 1976 1193 τήν
2010 1120 2340 1193 ἀλαζονίαν.

410 1210 416 1276 Ι
458 1214 575 1274 132,
616 1215 677 1262 11
715 1203 1123 1277 περισσότερον
1177 1207 1263 1270 εἰς
1307 1204 1435 1276 τήν
1489 1201 1544 1261 α’.
1599 1211 1607 1275 Ι
1659 1214 1776 1275 132,
1828 1216 1889 1264 17
1943 1205 2092 1265 ὁποῦ
2128 1206 2342 1282 ἡξεύρη
2412 1200 2418 1207 ’

408 1286 559 1347 αὐτοὶ
596 1294 696 1361 (om
731 1288 834 1362 μὴ)
873 1292 973 1346 καὶ
1010 1293 1267 1362 φοβῆται
1304 1311 1350 1346 τ.
1387 1295 1514 1360 θ.·Ι
1554 1298 1668 1359 132,
1703 1299 1769 1347 22
1814 1300 1981 1358 ποῖος
2025 1294 2239 1364 πρέπει
2271 1294 2341 1349 να

405 1372 624 1446 φοβοὶτε
662 1377 763 1431 καὶ
799 1396 874 1430 να
898 1375 1106 1445 τρέμη·
1138 1378 1148 1444 Ι
1189 1382 1357 1442 133,3
1394 1370 1448 1434 οἳ.
1487 1381 1536 1431 λ.
1575 1392 1680 1431 σου
1717 1379 1768 1446 β.
1803 1378 1921 1432 καὶ
1957 1381 2190 1434 τοῦτο·
2229 1381 2344 1443 πῶς

404 1460 511 1517 δὲν
545 1461 752 1530 πρέπει
787 1460 952 1524 τινὰς
987 1457 1060 1515 vo}
1098 1455 1252 1529 κάμη
1280 1480 1342 1528 φ.
1373 1462 1424 1514 ὃ.
1462 1461 1563 1515 καὶ
1599 1457 1696 1515 ὑπ.
1722 1462 1844 1530 (om.
1872 1455 2046 1533 ἆνθρ.
2072 1475 2126 1518 et
2149 1469 2305 1533 πον.)
2333 1466 2339 1533 Ι

407 1551 521 1611 133,
561 1551 595 1599 5
633 1545 716 1608 εἰς
753 1542 860 1613 τὴν
895 1540 1146 1613 καρδίαν
1193 1547 1203 1613 Ι
1254 1551 1368 1611 133,
1406 1549 1576 1599 6-10
1612 1541 1643 1599 ὁ
1682 1547 1733 1614 β.
1774 1590 1788 1604 .
1818 1547 1920 1601 καὶ
1955 1567 2012 1608 π.
2048 1568 2158 1609 om‚·
2216 1557 2279 1605 10
2313 1547 2343 1604 ὃ

405 1633 455 1700 β.
495 1628 622 1684 εἷπε
670 1634 678 1696 Ι
729 1635 843 1692 133,
885 1635 946 1682 12
981 1629 1083 1683 καὶ
1120 1621 1293 1696 ὖπομ.
1330 1648 1440 1690 om,-
1486 1632 1494 1697 Ι
1548 1636 1660 1695 133,
1701 1636 1763 1684 12
1801 1627 1882 1685 τοὶ
1922 1631 2161 1702 λόγια.
2186 1675 2197 1688 .
2235 1626 2343 1688 κᾶν

406 1712 586 1783 βαρέα
623 1711 776 1768 εἶναι
807 1720 816 1775 Ι
868 1718 983 1779 133,
1026 1719 1088 1768 15
1125 1709 1198 1767 τοὶ
1234 1715 1286 1782 β.
1324 1713 1425 1768 καὶ
1461 1713 1746 1780 ζουλοῖπῐα
1780 1716 1885 1784 (om
1919 1716 2015 1785 τὰ)
2066 1721 2075 1781 Ι
2125 1725 2244 1784 133,
2283 1725 2343 1772 16

402 1792 515 1852 κᾶν
552 1800 800 1868 δρυμεία
827 1796 937 1852 εἰσὶ
972 1798 1096 1852 καὶ
1130 1798 1309 1865 πικροὶ
1357 1800 1366 1866 Ι
1418 1804 1531 1865 133,
1567 1804 1633 1852 22
1668 1795 1780 1854 Ιὑπό
1827 1819 1985 1863 τινος
2020 1796 2343 1869 ἀνθρώπου

403 1878 558 1938 ὦσαν
593 1885 743 1951 Ι133,
782 1888 848 1938 23
884 1877 1179 1951 ἐγραφηκε
1214 1879 1370 1950 παρὰ
1411 1884 1514 1937 τοῦ
1551 1883 1808 1952 σολομῶν
1847 1889 1857 1951 Ι
1909 1892 2021 1952 134,
2059 1892 2091 1939 2
2129 1881 2188 1941 ἄ.
2229 1887 2343 1943 καὶ

402 1964 619 2029 κακοὺς
656 1959 1008 2035 ἀνθρώπους
1038 1968 1047 2035 Ι
1082 1972 1198 2030 134,
1236 1973 1267 2022 3
1303 1963 1334 2022 ὖ
1372 1970 1464 2021 πλ.
1504 1965 1589 2030 εἰς
1615 1974 1746 2030 ταῖς
1771 1975 1977 2038 χαραῖς
2013 1968 2222 2041 τρώγει
2247 1973 2343 2026 καὶ

399 2052 655 2123 χορτένει
693 2058 866 2118 (etiam
899 2056 937 2106 1.
966 2053 1021 2120 9)
1061 2045 1272 2106 εὔκολα
1303 2053 1312 2114 Ι
1346 2047 1872 2122 134,6.οἷχόρταγον
1909 2054 2027 2124 ἔχει
2073 2057 2202 2110 καὶ
2239 2054 2343 2125 τὴν

405 2139 410 2204 Ι
456 2142 567 2203 134,
606 2142 635 2191 7
671 2132 708 2205 ἡ
748 2138 940 2190 κοιλία
978 2137 1091 2190 τῶν
1127 2140 1219 2192 πλ.
1256 2130 1408 2191 ὁποῦ
1446 2136 1677 2206 δέχεται
1721 2135 1794 2192 τοὶ
1831 2141 2048 2208 φαγία,
2085 2132 2235 2195 ὅταν
2271 2138 2339 2196 τοὶ

401 2222 592 2290 δεχθῆ
628 2216 701 2274 τοὶ
741 2215 930 2274 πολλοὶ
986 2215 1183 2274 ἔκείνα
1227 2223 1444 2289 -φαγία,
1493 2223 1502 2289 Ι
1554 2227 1665 2288 134,
1705 2227 1784 2276 12.
1825 2230 1886 2278 13
1939 2222 2042 2287 ἕως
2066 2262 2078 2278 .
2102 2219 2341 2294 .αὖτοῦ]

402 2303 506 2366 ἕως
545 2295 614 2358 οὗ
650 2300 726 2357 νὰ
765 2298 1043 2373 ἀποθάνῃ
1074 2306 1084 2371 Ι
1118 2309 1232 2372 134,
1273 2311 1338 2358 14
1373 2325 1419 2362 τ.
1447 2306 1498 2373 β.
1535 2305 1635 2360 καὶ
1662 2309 1962 2378 φθονεροῦ
1996 2303 2338 2379 ἀνθρώπου.

399 2394 468 2454 ef.
511 2393 574 2442 18
628 2399 681 2442 et
713 2389 811 2455 ΜΙ
845 2393 957 2454 134,
997 2393 1058 2442 17
1104 2386 1205 2458 ὥς]
1241 2384 1401 2443 ὥσάν
1447 2397 1456 2457 Ι
1514 2395 1628 2455 134,
1667 2396 1732 2445 19
1769 2410 1815 2450 τ.
1849 2395 1914 2446 θ.
1951 2412 2022 2462 με
2059 2392 2340 2463 καθαρὴν

399 2472 501 2526 καὶ
538 2468 770 2542 θερμὴν
806 2474 1084 2541 καρδίαν,
1123 2474 1222 2527 ἵνα
1260 2466 1376 2528 ἇπό
1414 2469 1550 2536 τούς
1573 2474 1870 2538 τοιούτους
1896 2470 2252 2546 ἀνθρώπους
2288 2499 2341 2534 τ.

400 2553 565 2627 ἐξεβῆ
607 2552 638 2613 ὁ
677 2578 740 2627 φ.
781 2552 896 2612 ἀπὸ
933 2555 1039 2627 τὴν
1075 2559 1328 2626 καρδίαν
1362 2568 1466 2612 του
1519 2559 1528 2624 Ι
1584 2564 1697 2624 135,
1737 2565 1768 2613 3
1802 2554 1951 2615 ὀποῦ
1988 2559 2091 2618 δὲν
2127 2561 2339 2631 βασκέ·

399 2661 488 2697 νει
521 2644 530 2708 Ι
561 2648 675 2709 135,
711 2648 746 2695 4
770 2637 972 2711 τρώγει
995 2638 1206 2712 γλυκοὶ,
1245 2639 1486 2709 κοιμάτε
1510 2639 1693 2711 γλυκοὶ
1713 2644 1828 2711 (om.
1858 2649 1941 2714 γλ.
1962 2648 2143 2715 πίνει)
2178 2650 2188 2715 Ι
2224 2654 2339 2710 135,

396 2733 429 2781 8
467 2725 671 2780 λοιπὸν
708 2717 766 2779 ὦ·
789 2728 1055 2792 κρατίστε
1091 2728 1328 2795 βασιλεῦ
1365 2721 1539 2781 αὗται
1573 2726 1642 2781 αἰ
1663 2723 1994 2797 ἀποκρίσεις
2016 2737 2146 2794 ταῖς
2171 2730 2340 2787 ὁποῖ-

397 2829 493 2871 αις
528 2802 773 2877 ἥκουσες
809 2803 922 2865 ἆπὸ
964 2807 1142 2881 ἔμένα
1177 2809 1372 2880 νόμιζε
1424 2805 1626 2866 λοιπὸν
1679 2813 1781 2867 καὶ
1832 2808 2210 2884 ὑπολάμβανε
2247 2809 2340 2872 ὅτι

394 2888 635 2962 ἀρκεταὶ
674 2891 825 2949 εἶναι
862 2896 994 2964 περὶ
1030 2890 1279 2951 πάντων.

1166 3171 1567 3183 -————-—-—-
