2563 4087
311 190 437 256 268
774 262 783 269 .
1131 191 1378 256 Aesopus
1415 192 1442 242 1

312 353 452 419 τῶν
471 346 766 418 ἄλλωνίι.
807 349 922 416 καὶ
950 347 988 415 ὁ
1009 347 1280 427 Ξάνθος
1297 366 1311 379 ·
1346 345 1602 435 ,,οὕδὲν
1630 346 1810 436 παρὰ
1828 350 1925 438 τῷ
1951 347 2274 440 Αἰσώπῳ

313 449 533 541 άργόν
569 449 743 539 πρός
781 447 1232 534 άπολογίαν.“

141 563 270 614 XVI
433 550 721 621 ’Ἁλλοτέ
747 573 907 618 ποτε
935 553 1057 618 τοῦ
1087 549 1367 629 Ξάνθου
1400 552 1466 630 ἐξ
1493 547 1798 636 άφέδρου
1830 550 2268 638 ἐπανιόντος,

212 712 215 715 ,
313 655 427 721 καὶ
463 651 862 737 πυθομένου
899 650 1022 719 τὸν
1060 660 1410 736 Αἴσωπον,
1447 659 1520 718 τί
1550 650 1636 737 δή
1670 662 1830 720 πὀτε
1866 656 1940 719 οἰ
1971 649 2266 740 ἅνθρω-

261 782 286 821 5
314 778 427 822 ποι
459 750 604 840 μετ’
654 749 1007 821 ἀπόπατον
1054 753 1137 819 τὰ
1184 756 1304 839 τῆς
1351 751 1640 840 γαστρὸς
1690 754 2057 840 ἐκκρίματα
2092 754 2266 839 βλέ-

313 872 583 940 πουσιν,
615 856 870 933 ἐκεῖνος
901 859 1059 942 ἔφη·
1092 852 1310 939 ,,κατοὶ
1337 852 1501 932 τούς
1532 852 1738 920 πάλαι
1762 853 2056 943 χρόνους
2074 852 2262 942 άνήρ

310 981 410 1033 τις
469 956 608 1023 τῶν
653 955 1169 1043 τρυφερώτερον
1216 953 1486 1037 ζεόντων
1539 953 1761 1023 πολὺν
1810 952 2060 1044 χρόνον
2112 953 2265 1022 ὑπὸ

313 1055 654 1143 σπατάλης
694 1060 768 1126 ἐν
804 1058 887 1143 τῇ
925 1054 1168 1148 ἀφόδῳ
1208 1055 1525 1143 ἐκάθητο,
1564 1053 1655 1135 ῶς
1691 1058 1805 1124 καὶ
1840 1053 1962 1136 τοὶς
1999 1061 2260 1135 οἰκείας

315 1159 454 1226 ἐκεῖ
486 1163 854 1244 διατρίβων
890 1156 1318 1243 ἀποπατῆσαι
1351 1158 1627 1245 φρένας.
1695 1157 1760 1239 ἐξ
1801 1159 2064 1226 ἐκείνου
2102 1164 2260 1225 τοί-

236 1283 286 1322 10
311 1286 445 1328 νυν
491 1257 864 1338 δεδοικότες
913 1263 987 1328 οί
1030 1259 1253 1327 λοιποὶ
1313 1260 1453 1327 τῶν
1499 1256 1891 1346 ἀνθρώπων
1939 1256 2108 1345 πρὸς
2166 1258 2261 1326 τὰ

311 1362 429 1447 τῆς
478 1360 768 1450 γαστρὸς
821 1360 1083 1428 ἑαυτῶν
1138 1357 1449 1448 ἀφορῶσι
1497 1355 1790 1447 λύματα,
1852 1359 2085 1447 μήπως
2134 1362 2261 1427 καὶ

312 1459 508 1529 αὐτοὶ
569 1463 771 1531 τοῦτο
834 1460 1278 1530 πεπόνθασιν.
1378 1458 1551 1528 ἀλλὰ
1607 1460 1721 1546 συζ,
1777 1461 2095 1547 δέσποτα,
2157 1459 2264 1547 μὴ

314 1564 535 1648 φοβοῦ
559 1580 573 1594 ·
624 1561 707 1629 οὐ
745 1562 876 1648 γὰρ
917 1567 1081 1647 ἔχεις
1118 1560 1445 1649 φρένας.“

128 1673 287 1725 XVII
444 1659 553 1730 'Ev
579 1660 794 1752 ἡμέρᾳ
830 1663 912 1731 δέ
940 1690 1070 1731 τινι
1104 1670 1490 1750 συμποσίου
1520 1663 2101 1750 συγκροτηθέντος
2136 1664 2265 1730 καὶ

234 1790 285 1831 1⁵
311 1767 436 1830 τοῦ
491 1762 771 1840 Ξάνθου
803 1763 936 1832 σὺν
963 1780 1103 1844 τοῖς
1132 1762 1359 1843 ἄλλοις
1385 1766 1522 1840 τῶν
1550 1763 1944 1851 φιλοσόφων
1974 1760 2259 1832 ἀνακλι-

308 1865 577 1949 θέντος,
591 1866 706 1933 καὶ
718 1870 842 1934 τοῦ
857 1864 1070 1934 πότου
1086 1863 1212 1954 ἤδη
1235 1865 1827 1954 ἐπικρατήσαντος,
1844 1863 2061 1950 συχνὰ
2077 1888 2260 1952 προ-

306 1965 616 2054 βλήματα
642 1967 889 2055 μεταξύ
922 1966 1182 2035 τούτων
1213 1970 1642 2037 ἐκαλινδεῖτο.
1682 1968 1795 2036 καὶ
1823 1969 1945 2034 τοῦ
1967 1965 2262 2046 Ξάνθου

309 2064 693 2155 ἀρξαμένου
710 2069 1182 2157 ταράττεσθαι,
1204 2078 1524 2149 Αἴσωπος
1545 2067 1889 2157 παρεστῶς
1913 2074 2059 2155 ἔφη·
2083 2070 2256 2156 ,,δε’-

310 2189 549 2255 σποτα,
563 2167 945 2249 ὁΔιόνυσος
961 2158 1141 2258 τρεῖς
1156 2172 1463 2258 κέκτηται
1474 2170 1757 2255 κράσεις·
1777 2167 1900 2257 τὴν
1918 2168 2043 2257 μὲν
2058 2168 2259 2256 πρῶ-

231 2297 287 2338 20
308 2295 432 2356 την
465 2266 740 2356 ἡδονῆς,
785 2269 910 2357 τὴν
960 2270 1035 2340 δὲ
1070 2273 1401 2360 δευτέραν
1448 2272 1685 2359 μέθης,
1731 2271 1855 2359 τὴν
1903 2270 1982 2339 δὲ
2013 2278 2263 2359 τρίτην

105 2346 215 2398 Ρ“56
232 2347 271 2386 ¹³·
308 2367 592 2466 ὕβρεως.
649 2372 765 2439 καὶ
794 2370 994 2459 ὑμεῖς
1023 2363 1149 2439 οὗν
1177 2373 1562 2453 πεπωκότες
1589 2369 1714 2461 ἥδη
1751 2374 1866 2441 καὶ
1902 2370 2258 2461 ἡσθέντες,

448 2536 471 2583 1
508 2541 631 2598 post
667 2493 902 2587 αἰσῶπῶ
933 2537 1056 2586 add.
1095 2532 1277 2601 φησὶν
1316 2536 1364 2586 Φ
1537 2538 1569 2585 2
1605 2528 1766 2602 πρὸς]
1808 2532 1890 2595 εἰς
1927 2535 1974 2586 Φ
2000 2532 2095 2599 (D)
2126 2537 2169 2585 Ε
2195 2535 2254 2584 H

308 2650 359 2698 Κ
384 2650 423 2698 Ζ
450 2667 481 2699 v
622 2654 654 2702 3
690 2644 833 2703 ἄλλο
867 2668 929 2704 τε
965 2647 1101 2705 ποτὲ
1138 2653 1191 2702 Κ
1337 2615 1671 2720 ἒξαφεόδρου
1706 2653 1753 2705 R
1788 2670 1856 2708 m.
1880 2668 1960 2718 pr.
2003 2644 2064 2715 ἐξ
2101 2640 2256 2717 ἀφέ-

148 2719 205 2768 U
310 2717 451 2781 δρας
490 2718 535 2780 Q
574 2710 903 2786 ἔξαφέδρου
937 2719 992 2769 H
1095 2722 1126 2770 5
1161 2711 1309 2786 μετὰ
1344 2713 1611 2773 πόπατον
1644 2722 1688 2772 Ρ
1805 2713 2166 2787 ἐκκρίμματα
2200 2719 2256 2769 V

307 2800 623 2912 έκκρίᾶιατα
668 2835 717 2884 R
762 2852 830 2886 m.
869 2853 949 2901 pr.
994 2828 1274 2903 ἐκρίματα
1310 2837 1357 2888 Ε
1394 2838 1449 2888 Η
1492 2831 1814 2904 ἔκρίμματα
1860 2838 1895 2887 b
1945 2839 2079 2890 1530

306 2903 337 2950 6
371 2902 658 2978 παῇαιους
692 2902 737 2951 Ρ
763 2904 814 2953 Κ
838 2904 878 2952 Ζ
903 2920 959 2968 v,
996 2897 1250 2964 παλεούς
1284 2905 1332 2954 A
1448 2908 1478 2957 7
1514 2899 1931 2972 τρυφερότερον
1968 2905 2017 2954 R
2040 2905 2089 2954 A
2122 2920 2258 2970 τρυ-

307 2983 648 3031 φερωτερων
684 2970 735 3019 Κ
880 2974 1016 3022 inter·
1052 2966 1276 3034 ζώντων
1312 2980 1365 3023 et
1398 2967 1587 3024 πολὺν
1619 2976 1672 3023 in
1710 2975 1756 3037 Q
1801 2989 2001 3024 erasum
2033 2988 2110 3024 πο

306 3038 338 3086 8
374 3031 442 3099 τῆ
478 3038 695 3102 scripsi:
731 3036 807 3089 τῶ
846 3039 915 3102 V,
951 3056 1044 3090 om.
1079 3042 1242 3090 ceteri
1378 3037 1477 3092 καὶ
1513 3057 1604 3091 om.
1646 3039 1693 3089 Φ
1831 3036 2021 3099 οἰκίας
2061 3040 2109 3091 P

306 3105 337 3154 9
374 3089 670 3165 ἐξεκείνου
705 3104 760 3154 Η
886 3110 948 3157 10
986 3100 1079 3172 τὰ]
1116 3101 1219 3167 τοὶς
1255 3107 1308 3156 Κ
1431 3110 1491 3158 11
1530 3098 1754 3159 ἑαυτῶν
1788 3124 1882 3159 om.
1919 3107 1966 3157 Ε
1989 3107 2190 3158 ΗΚΖ
2216 3125 2253 3158 v
2327 3157 2350 3174 ,

460 3184 516 3221 σι
553 3172 622 3223 λυ
658 3180 710 3222 et
747 3176 810 3226 13
847 3166 911 3225 ἐν
944 3175 997 3223 in
1031 3191 1138 3228 ras.
1175 3175 1231 3224 M
1256 3177 1288 3225 2
1453 3178 1515 3225 12
1553 3167 1701 3226 ἀλλὰ
1738 3167 1807 3227 σύ
1845 3176 1893 3239 Q
1926 3177 2023 3226 sed
2056 3169 2094 3226 ὑ
2129 3178 2247 3227 loeo

304 3241 337 3287 l.
358 3242 392 3289 l.
428 3235 485 3290 οὶ.
520 3256 785 3290 erasarum
819 3257 888 3290 m.
912 3256 991 3305 pr.
1031 3233 1254 3293 άλὶασὺ
1289 3242 1335 3291 Ρ
1371 3232 1519 3293 ἄλλά
1556 3255 1626 3293 συ
1661 3242 1696 3291 b
1735 3245 1868 3294 1534
1903 3233 2049 3293 ἄλλα
2075 3240 2169 3295 σοὶ
2206 3244 2251 3293 Ζ

304 3297 450 3356 ἄλλά
487 3320 575 3358 σοι
612 3322 664 3367 a,
700 3308 735 3357 b
774 3310 907 3359 1530
945 3305 1074 3373 (E?)
1201 3311 1264 3360 15
1300 3308 1414 3360 τῶν
1450 3299 1806 3376 φιλοσόφων]
1845 3309 2041 3373 φίλοις
2079 3311 2127 3361 Φ

305 3366 766 3434 άνακλινθέντος
800 3375 851 3424 D
877 3375 990 3425 KZ
1013 3392 1050 3424 v
1171 3377 1235 3427 18
1273 3370 1533 3428 δεσπόται
1568 3377 1614 3427 Ρ
1737 3380 1801 3428 19
1834 3372 1944 3439 μὲν
1979 3377 2057 3427 his
2093 3377 2134 3427 Z

301 3435 672 3557 ξθθμὲθυςΡΡ
791 3444 856 3492 21
894 3438 993 3493 καὶ
1031 3435 1216 3510 ὑμεῖς]
1255 3437 1424 3509 ὑμεῖς
1463 3447 1508 3508 Q
1634 3430 1758 3511 οὖν]
1795 3440 1905 3509 μὲν
1942 3429 2048 3496 οὖν
2086 3444 2135 3496 Φ

302 3519 339 3566 η
394 3520 551 3564 εντες
