2563 4087
1123 238 1167 290 Ι.
1209 254 1250 289 s.
1288 241 1336 288 2.
2123 239 2203 303 15

236 379 621 465 φήνασθαι.
680 381 795 448 καὶ
832 377 1045 467 ἄλλην
1083 380 1253 468 πρὸς
1291 380 1589 468 τούτοις,
1630 372 1681 448 ὦ
1711 385 2017 469 βασιλεῦ,
2053 383 2203 469 διή-

235 502 444 569 φησιν
508 479 975 551 ἄκουσθεϊσοέν
1021 508 1134 570 μοι
1182 477 1583 571 διηγήσομαι
1645 489 1772 605 τῷ
1804 488 1900 575 σῷ
1952 484 2196 571 κράτει.

238 583 476 672 ,,ἆνη’ρ
526 610 623 663 τις
661 587 882 672 φυλῆς
919 574 1004 670 ἦν
1040 586 1180 651 τῶν
1208 582 1636 714 Ἀγαρηνῶν
1689 575 1890 665 οὗτος
1927 588 2194 674 περιέρ-
2220 627 2264 664 p.
2282 618 2413 658 2113

230 713 385 772 γως
420 685 502 752 τὰ
542 688 617 754 ε’ν
651 690 733 774 τῇ
775 693 959 777 οἰκίᾳ
997 686 1248 755 τούτου
1302 688 1417 755 καὶ
1467 695 1787 767 ποικίλως
1838 686 2198 775 ἀκριβολο-

233 791 429 874 γῶν,
485 784 727 876 ὅρνεόν
774 815 845 856 τε
909 786 1218 874 ὠνήσατο
1280 789 1635 877 ’ἐνάρθρως
1699 790 2198 878 φθεγγόμενον,
2249 821 2275 860 5

231 888 414 977 ὅπερ
449 889 490 976 ἦ
527 890 716 976 κοινὴ
754 891 1083 977 συνήθεια
1121 891 1446 970 ψιττακόν
1482 890 1625 960 οἶδε
1659 900 1911 961 καλεῖν.
1969 893 2082 960 καὶ
2121 893 2196 960 τὸ

231 990 489 1079 ὄρνεον
554 994 628 1060 ἐν
687 998 930 1084 κλωβῷ
983 992 1255 1080 βαλών,
1322 997 1396 1061 ἐν
1450 996 1545 1083 τῷ
1603 994 1913 1081 οἰκήματι
1966 996 2198 1082 φέρων

236 1092 623 1182 ἐφύλαττε,
681 1096 795 1162 καὶ
857 1094 1261 1182 παρήγγειλε
1323 1099 1417 1186 τῷ
1474 1093 1691 1186 ὀρνέῳ
1747 1101 2196 1220 προσεκτικῶς

231 1194 464 1264 αὐτοῦ
502 1195 625 1282 τὴν
661 1212 959 1282 γυναῖκα
1002 1195 1203 1322 ὁρᾶν·
1263 1197 1425 1285 „nal
1464 1206 1633 1265 εἴτι
1670 1196 1734 1264 δ’
1777 1192 1864 1264 ἂν
1900 1196 2195 1276 ἀπόντος

229 1325 379 1385 μου
415 1301 531 1384 τῆς
569 1305 789 1377 οἰκίας
824 1298 865 1385 ἦ
903 1299 1079 1386 γυνὴ
1128 1299 1604 1424 διαπράξηται,
1655 1299 2021 1387 παρατήρει
2068 1302 2190 1367 τοῦ
2221 1330 2275 1367 10

230 1399 663 1485 ἀπαγγεῖλαί
703 1399 882 1488 μοι.“
975 1399 1193 1480 ου’τως
1248 1403 1377 1469 οὐν
1427 1399 1466 1468 6
1519 1400 1697 1489 ανὴρ
1745 1404 1841 1492 τῷ
1894 1405 2192 1492 ψιττακῷ

232 1509 734 1590 παραγγείλας,
764 1505 882 1572 ἐπί
903 1530 1053 1571 τινα
1091 1500 1492 1591 ὁδοιπορίαν
1529 1502 1812 1589 απῆλθε.
1870 1503 2020 1571 τότε
2046 1511 2194 1572 τοί-

144 1630 153 1637 ·
228 1631 376 1672 νυν
410 1631 510 1682 τις
549 1602 915 1691 ἄνθρωπος
952 1605 1417 1694 εἰσερχόμενος
1455 1613 1552 1685 εἰς
1590 1606 1715 1692 τὴν
1751 1612 2007 1693 οἰκίαν,
2042 1632 2194 1693 μοι-

228 1704 468 1793 χεύων
514 1696 601 1791 ’ἦν
648 1707 770 1793 τὴν
817 1723 1153 1794 γυναῖκα,
1203 1711 1599 1786 συνειδυίας
1647 1712 1852 1775 τοῦτο
1901 1710 2016 1776 καὶ
2074 1711 2193 1794 τῆς

228 1806 510 1895 δούλης.
567 1804 678 1875 ὅτε
714 1808 791 1876 δὲ·
828 1805 864 1877 6
904 1807 1077 1898 ἀνὴρ
1112 1801 1273 1897 ἧκεν
1315 1813 1388 1877 ἐκ
1415 1812 1538 1878 τοῦ
1569 1812 1933 1898 ταξειδίου,
1964 1808 2191 1898 ἥρω’τα
2219 1836 2273 1875 15

220 1910 365 1978 τὸν
412 1908 772 1998 ψιττακόν,
817 1919 892 1981 τί
923 1909 1053 1999 ἄρα
1107 1912 1235 1998 τὴν
1273 1927 1572 1997 γυναῖκα
1613 1916 1946 1979 ποιοῦσαν
1990 1911 2190 1980 ἐθεώ-

224 2033 422 2098 σατο.
482 2010 518 2080 6
559 2011 635 2081 δὲ
664 2013 983 2094 ψιττακὸς
1012 2013 1233 2083 πάντα
1269 2013 1351 2082 τὰ
1381 2017 1464 2103 τῇ
1496 2014 1771 2100 γυναικὶ
1801 2011 2189 2093 ἀκολάστως

220 2117 634 2203 πραχθέντα
668 2121 764 2207 τῷ
802 2124 1022 2208 κυρίῳ
1062 2116 1459 2205 ἐξεφώνησε.
1518 2117 1632 2184 καὶ
1670 2115 1706 2183 6
1736 2114 1913 2202 ἀνὴρ
1953 2119 2190 2194 δεινῶς

215 2218 357 2305 τὴν
408 2221 704 2306 καρδίαν
754 2221 1069 2306 δηχθείς,
1120 2218 1246 2288 οὐκ
1298 2225 1393 2287 ἔτι
1439 2217 1659 2305 αὐτὴν
1710 2226 2186 2306 συνεμίγνυτο.

216 2321 345 2388 καὶ
396 2317 440 2405 ἡ
484 2320 660 2406 γυνὴ
712 2321 837 2407 τὴν
886 2322 1130 2406 ἑαυτῆς
1177 2320 1439 2408 δούλην
1489 2319 1794 2408 ὕπέλαβε
1839 2325 1935 2411 τῷ
1986 2318 2188 2407 ἀνδρὶ
2215 2348 2272 2386 20

222 2420 640 2507 ἀναγγεῖλαι
673 2422 754 2490 τὰ
793 2419 939 2490 κατ’
982 2419 1225 2510 αὐτήν,
1264 2424 1379 2491 καὶ
1419 2423 2017 2510 προσκαλεσαμένη
2057 2420 2188 2490 αὐ-

372 2690 399 2737 1
442 2691 641 2738 lemma.
678 2684 781 2738 καὶ
808 2687 922 2751 (om
920 2687 1024 2770 V)
1061 2682 1258 2753 ἕτερον
1298 2687 1354 2755 (β
1364 2669 1430 2704 ον
1466 2692 1501 2738 i.
1529 2705 1574 2737 e.
1614 2683 1886 2751 δεύτερον
1911 2686 1976 2747 V,
2016 2677 2189 2750 ἕτέρω

214 2756 289 2821 A)
480 2760 511 2807 3
542 2744 634 2836 ἦν
656 2758 869 2836 scripsi:
906 2772 985 2807 ων
1021 2756 1182 2808 ABV.
1243 2758 1313 2819 cf.
1349 2772 1404 2834 p
1448 2758 1513 2807 78
1548 2763 1600 2805 et
1633 2758 1701 2807 48
1724 2756 1789 2805 Β.
1959 2771 2046 2814 τις
2084 2754 2189 2821 τῆς

219 2820 461 2890 φυλῆςῖ
500 2815 640 2886 (ἀπὸ
679 2816 743 2875 vd
781 2816 949 2891 γένος
985 2823 1056 2888 D)
1195 2826 1230 2872 4
1267 2817 1479 2875 τούτου
1515 2826 1549 2877 i.
1576 2840 1637 2941 εἶτ
1658 2815 1898 2885 ἑαυτοῦ,
1937 2829 1992 2871 ut
2025 2839 2187 2887 saepe

368 2895 402 2943 5
442 2885 855 2970 φθεγκόμενον
878 2892 927 2940 V
1064 2894 1095 2941 6
1132 2884 1283 2957 οἶδε]
1324 2891 1467 2943 solet
1610 2888 1876 2976 Ίκλοβῷ
1884 2861 1982 2940 AV
2118 2841 2184 2942 ἐν

217 2960 300 3027 τῷ
340 2961 377 3009 i.
406 2977 455 3009 e.
495 2956 579 3020 εἰς
614 2953 680 3011 τό
853 2962 885 3011 9
921 2951 1086 3027 ὁρᾶν]
1127 2959 1426 3010 obseruare
1604 2958 1662 3011 εἶ’
1702 2977 1758 3010 τι
1807 2957 1876 3010 δ’
1913 2946 1988 3010 &v
2023 2976 2085 3009 ne
2132 2968 2184 3009 te

216 3029 461 3093 offendat
507 3030 561 3078 in
595 3029 693 3079 Ιιοο
724 3033 985 3092 scriptore
1159 3030 1222 3077 15
1269 3025 1591 3093 ταξείδιον]
1630 3019 1727 3078 ἐπὶ
1762 3021 1953 3107 ποὶσης
1989 3019 2185 3085 ἁπλῶς

214 3094 469 3160 πορείας
504 3111 566 3148 τε
600 3095 701 3148 καὶ
737 3087 1047 3176 ἐκδημίας,
1084 3092 1186 3146 καὶ
1224 3091 1548 3160 ἰδιαίτερον
1593 3086 1690 3147 ἐπὶ
1742 3094 1845 3161 τῆς
1889 3097 2181 3148 θαλασσο-

214 3163 435 3227 πορίας
481 3159 753 3216 τέθεικεν
798 3155 835 3230 ἡ
882 3162 992 3216 νῦν
1035 3156 1425 3226 ἐπικρατοῦσα
1472 3178 1613 3229 συνη
1604 3156 1782 3217 ’.θεια
1855 3163 2065 3214 Coraes
2111 3166 2186 3214 ad

216 3231 456 3282 Heliod.
480 3249 535 3296 p.
563 3234 681 3284 296.
723 3232 917 3282 Haase
953 3234 1026 3282 ad
1057 3233 1226 3283 Leon.
1265 3232 1334 3281 D.
1372 3249 1422 3294 p.
1461 3234 1578 3283 441.
1723 3230 1994 3295 ταξιδίου
2028 3232 2073 3282 A
2112 3248 2184 3282 ex

215 3315 316 3350 usu
359 3299 670 3351 Graecorum
705 3301 1063 3352 hodiernorum
1226 3303 1290 3351 18
1334 3295 1512 3364 ἀνδρὶ
1548 3308 1598 3351 et
1633 3301 1688 3349 in
1721 3316 1883 3365 mar-9.
1919 3299 2099 3381 κυρίῳ
2135 3303 2183 3349 Α

367 3369 433 3416 19
471 3365 737 3433 δειχθεὶς
771 3368 869 3421 BV
1009 3358 1221 3435 αὐτὴν]
1257 3370 1328 3432 ef.
1366 3387 1415 3423 n.
1443 3370 1515 3418 ad
1538 3372 1680 3431 3,11
1820 3371 1889 3419 20
1924 3351 2182 3430 ὑπέλαβε

220 3436 454 3500 scripsi,
491 3430 647 3501 ἔλεγε
673 3436 814 3487 libri:
854 3438 992 3503 quod
1025 3439 1124 3486 etsi
1145 3439 1514 3518 quodammodo
1540 3437 1802 3515 explicari
1830 3438 2002 3500 potuit
2025 3441 2081 3482 ut
2114 3437 2184 3481 sit

216 3505 254 3555 i.
279 3520 334 3568 q.
376 3496 631 3565 ἔφασκεν
664 3506 791 3555 illud
823 3505 1177 3567 Homericum,
1212 3507 1248 3555 i.
1276 3520 1320 3557 e.
1347 3496 1604 3568 ἐνόμιζε,
1644 3495 1977 3567 ὑπώπτευε,
2018 3510 2183 3550 tamen

216 3579 457 3636 propter
498 3577 706 3622 alterum
748 3566 944 3639 ἔλεγεν
984 3574 1063 3632 16
1101 3576 1127 3622 1
1166 3574 1453 3623 mutandum
1491 3587 1603 3622 esse
1642 3573 1775 3621 duxi
