2563 4087
1073 259 1227 310 vm.
1996 261 2112 326 127

202 397 274 463 τοὶ
327 408 432 466 ι”σα
486 398 805 487 πράττειν
857 415 1000 478 τοῖς
1056 395 1315 479 ἀδίκοις
1368 401 1481 468 καὶ
1535 404 1946 483 πλεονεξίαις
2007 406 2121 472 καὶ

202 497 519 588 ἁρπαγαῖς
556 502 925 588 χρωμένοις
961 503 1076 569 καὶ
1113 500 1494 588 χαίρουσι.“

353 604 576 670 Ταῦτα
612 599 648 669 ὁ
685 601 1006 689 βασιλεῦς
1056 599 1357 683 άκούσας
1395 604 1576 691 παρὰ
1624 609 1747 672 τοῦ
1794 610 1956 674 υἱοῦ
1997 606 2118 675 εὖ*

195 711 662 791 χαριστηρίους
700 702 943 790 λόγους
979 702 1324 793 ἀνέπεμπε
1359 711 1456 796 τῷ
1490 710 1632 796 θεῷ
1679 708 1792 775 καὶ
1829 707 1949 776 τὸν
1987 708 2116 777 αύ-

193 808 307 873 τοῦ
370 805 780 874 διδάσκαλον
850 805 1141 893 ἐκάθητο
1208 806 1631 894 ἐγκωμιάζων
1696 811 1812 876 καὶ
1874 810 2115 898 δώροις
2141 840 2167 879 5

193 907 572 976 πολυτελέσι
607 908 722 974 καὶ
753 915 1129 994 φιλοτίμοις
1168 907 1502 988 ἐδεξιοῦτο
1537 907 1661 977 τὸν
1696 907 1931 1000 ἄνδρα.
1971 909 2115 980 εἶτα
2135 892 2316 939 “¹⁵⁷³

193 1009 356 1093 λέγει
388 1007 424 1077 ὁ
463 1006 787 1097 βασιλεὺς
838 1011 934 1101 τῷ
974 1011 1165 1077 παιδὶ
1204 1006 1466 1079 οὑτωσί
1478 1028 1490 1041 ·
1544 1011 1929 1099 ,,γνω’ρισόν
1977 1039 2113 1100 μοι,

194 1109 680 1197 ἐρασμιώτατόν
718 1137 852 1197 μου
898 1115 1204 1180 παιδίον·
1243 1103 1379 1200 ἆρά
1421 1137 1497 1197 γε
1535 1112 1617 1179 τά
1648 1116 2114 1198 συμβαίνοντά

189 1237 310 1278 τινι
356 1212 418 1291 ἐξ
468 1213 874 1300 εἱμαρμένης
923 1213 1040 1280 καὶ
1084 1212 1294 1300 τύχης
1340 1210 1524 1291 τινὸς
1573 1219 1975 1300 συμβαίνειν
2012 1224 2113 1282 εἴ-

191 1312 438 1396 ωθεν;“
519 1312 555 1380 ὁ
607 1312 683 1382 δὲ
730 1329 888 1392 παῖς
954 1320 1080 1401 ἔφη
1131 1317 1226 1404 τῷ
1277 1321 1569 1402 βασιλεῖ·
1635 1316 1924 1400 ,,πολλοὶ
1975 1319 2111 1383 τῶν
2141 1347 2188 1386 ιο

189 1412 588 1503 ἀνθρώπων,
609 1405 662 1481 ὦ
683 1417 1001 1500 δέσποτα,
1035 1412 1645 1502 ὑπολαμβάνουσιν
1664 1412 1883 1494 οὕτως
1906 1422 2078 1502 ἔχειν
2096 1436 2108 1448 ·

187 1516 349 1603 πλὴν
394 1515 835 1603 πλανώμενοί
888 1520 1058 1584 εἰσιν
1109 1521 1182 1584 οἰ
1228 1513 1409 1585 οὕτω
1472 1516 1872 1600 δοξάζοντες.
1953 1516 2105 1587 ἄλλ’

190 1620 327 1703 ἐμοί
354 1645 430 1704 γε
466 1623 661 1687 δοκεῖ
692 1615 783 1697 ὥς
818 1615 860 1704 ἡ
896 1615 1169 1706 ἀφορμὴ
1202 1620 1343 1686 τῶν
1379 1621 1705 1707 λυπηρῶν
1740 1623 1877 1688 τῶν
1907 1622 2106 1708 ἐπερ-

184 1720 475 1806 χομένων
510 1734 652 1799 τοῖς
690 1717 1082 1809 ἀνθρώποις
1111 1728 1370 1806 γίνεται
1400 1723 1472 1789 ἐκ
1507 1723 1623 1806 τῆς
1660 1724 1799 1789 τῶν
1828 1720 2109 1810 ἀνθρώ-

184 1847 319 1889 πων
378 1820 799 1901 πλεονεξίας·
874 1818 1040 1890 οὐδὲ
1102 1820 1235 1910 γὰρ
1311 1826 1586 1901 δικαίως
1659 1826 1927 1891 ποιοῦσι
1985 1823 2105 1903 τὰς
2136 1853 2184 1893 15

183 1923 436 2009 πράξεις
473 1921 708 1992 αὐτῶν
749 1926 823 1990 οἰ
853 1920 1207 2012 ἅνθρωποι
1252 1922 1405 1992 ἀλλ’
1446 1922 1699 2003 ἀδίκως
1736 1926 1850 1992 καὶ
1890 1949 2096 2011 πονη-

183 2028 321 2112 ρῶς.
397 2024 729 2113 συνήθεια
765 2024 899 2113 γάρ
939 2026 1075 2096 ἐστι
1108 2041 1252 2106 τοῖς
1290 2023 1716 2112 ἀνθρώποις,
1754 2022 1919 2094 ὅταν
1953 2025 2104 2093 τινὰ

179 2129 303 2196 τῶν
340 2127 740 2215 φιλοσόφων
776 2127 890 2195 καὶ
925 2133 1207 2197 δικαίων
1243 2125 1521 2216 ἀνδρῶν
1560 2122 1831 2214 εὕρωσι,
1861 2122 1989 2221 κᾶν
2022 2129 2103 2195 τὰ

180 2228 418 2318 χρηστοὶ
468 2231 582 2298 καὶ
637 2226 941 2316 ὠφέλιμα
1001 2228 1439 2318 συμβουλεύῃ
1506 2227 1775 2316 αὐτοῖς,
1840 2234 1976 2298 ἔστι
2026 2228 2105 2298 δὲ

180 2332 428 2419 πτωχὸς
455 2333 569 2400 καὶ
598 2329 714 2418 (ού
736 2345 958 2418 τιμαῖς
986 2329 1436 2419 διαπρε’πων,)
1464 2328 1546 2400 ού
1578 2333 1856 2417 τιμῶσιν
1885 2328 2101 2399 αὐτὸν
2128 2359 2179 2399 20

179 2437 242 2501 οἱ
271 2431 616 2521 πλούσιοι,
666 2429 828 2501 οὐδὲ
864 2425 899 2499 ὁ
940 2433 1166 2513 κοινὸς
1216 2430 1378 2512 λαός
1430 2431 1680 2515 δοξάζει
1717 2428 1758 2518 ἢ
1792 2430 2024 2500 άκούει
2061 2427 2103 2517 ἢ

299 2633 330 2680 2
366 2628 659 2696 χαίρουσι]
697 2630 777 2679 hic
815 2632 1003 2680 desinit
1037 2630 1173 2682 Ven.
1351 2632 1382 2679 ὃ
1418 2619 1677 2692 ἐκάθητο
1714 2630 1748 2676 ι’.
1776 2643 1820 2680 e.
1858 2624 2103 2679 διετέλει

364 2702 427 2748 10
462 2700 516 2747 in
551 2700 776 2763 maryine
812 2697 957 2751 ABV
996 2684 1126 2764 εὖγε
1161 2683 1204 2747 ὦ
1241 2699 1361 2745 παῖ
1392 2689 1670 2759 βασιλέως
1811 2697 1872 2746 13
1910 2687 2102 2760 ἕμοίγε

176 2764 219 2814 V
419 2767 483 2816 17
529 2767 580 2816 in
625 2782 735 2816 mar
772 2771 851 2816 ine
897 2758 1093 2824 πάθος
1137 2756 1554 2829 άναμφίβολοτΐ
1584 2753 1854 2828 (άναφίβ.
1892 2763 1961 2827 V)
2000 2760 2101 2813 τοῦ

176 2830 374 2899 Καφᾶ,
410 2824 543 2898 ἤτοι
579 2832 693 2884 τῶν
729 2782 1016 2899 ἕγχωρίων
1049 2834 1162 2885 AV.
1200 2834 1374 2897 itaque
1411 2832 1475 2881 de
1509 2833 1686 2895 patria
1722 2846 1821 2881 non
1865 2833 1973 2881 eius
2018 2833 2106 2897 qui

175 2904 277 2954 cod.
314 2903 360 2952 A
396 2903 633 2965 scripsit,
684 2904 822 2967 quod
853 2902 1069 2966 putabat
1103 2898 1472 2962 Boissonade,
1519 2901 1616 2950 sed
1648 2900 1756 2949 eius
1799 2902 1886 2965 qui
1927 2899 2102 2949 horum

177 2968 342 3019 librum
374 2969 704 3034 archetypum
728 2973 992 3032 εωαναιιίι,
1028 2971 1313 3021 edocemur.
1352 2968 1423 3030 cf.
1457 2967 1549 3016 Du
1575 2966 1764 3033 Gange
1790 2969 1863 3017 ad
1884 2967 2097 3032 Niceph.

182 3035 323 3103 Grey.
358 3038 476 3089 hist.
519 3039 599 3098 13,
641 3038 705 3087 12
739 3055 792 3102 p.
819 3038 946 3100 683,
987 3039 1047 3087 17
1086 3045 1137 3088 ee
1172 3037 1409 3086 Pontan.
1450 3036 1521 3084 ad
1558 3034 1827 3085 Cantaeuz.
1873 3036 1990 3087 hist.
2027 3034 2102 3083 IV

174 3104 232 3153 26
264 3122 315 3170 p.
354 3107 473 3162 192,
509 3106 541 3154 6
576 3106 657 3158 ed.
694 3105 864 3156 Bonn.
895 3122 952 3169 p.
991 3107 1110 3156 560.
1165 3106 1218 3154 in
1263 3105 1308 3153 Β
1348 3103 1473 3168 nillil
1517 3110 1597 3152 est
1640 3104 1740 3152 nisi
1782 3102 2098 3168 σημείωσαι

296 3175 358 3225 18
395 3163 507 3224 κᾶν
534 3164 606 3222 τά
644 3165 857 3239 χρηστοὶ
900 3169 999 3223 καὶ
1039 3166 1307 3237 ὠφέλιμα
1344 3187 1437 3222 om.
1474 3170 1623 3219 VBD
1754 3172 1818 3220 19
1854 3168 2097 3234 συμβου-

174 3233 315 3291 λεύει
350 3243 396 3292 Α
433 3235 796 3309 συμβουλεύῃ
828 3241 873 3290 Β
913 3256 941 3290 e
977 3256 1134 3297 corr..
1171 3242 1291 3290 inde
1327 3255 1361 3287 a
1394 3257 1441 3288 u.
1471 3232 1589 3288 ἔστι
1627 3232 1693 3288 δὲ
1727 3245 1987 3288 structura
2023 3240 2098 3286 in-

170 3315 308 3371 cepta
342 3309 729 3372 interrumpitur
841 3310 907 3359 20
944 3301 1013 3359 οὖ
1049 3310 1247 3371 τιμαῖς
1285 3300 1624 3370 διαπρέπων
1658 3313 1879 3370 propter
1911 3322 1959 3358 u.
1996 3302 2094 3355 καὶ

171 3377 348 3426 adieci:
398 3378 597 3427 namin
634 3376 692 3425 M
737 3378 971 3441 leguntur
1013 3375 1140 3425 haec
1187 3370 1242 3425 εἰ
1286 3366 1364 3441 μή
1407 3370 1508 3424 καὶ
1552 3369 1961 3436 πλουτοκομῶν
1997 3370 2095 3421 καὶ
2171 3375 2184 3388 ‘

171 3441 326 3509 τιμῆς
363 3438 701 3509 διαπρέπων
736 3435 767 3494 ὁ
805 3440 1066 3501 τοιοῦτος
1102 3433 1372 3508 ὑπάρχει.
1446 3430 1515 3492 οὐ
1561 3443 1625 3492 de
1662 3442 1872 3491 consilio
1908 3441 2099 3503 scripsi

172 3512 277 3574 quia
308 3513 470 3564 uerba
503 3514 595 3562 illa
626 3519 852 3575 propter
885 3512 1044 3560 simile
1079 3511 1270 3560 initium
1306 3511 1547 3560 uidentur
1575 3508 1948 3573 praetermissa
1983 3522 2095 3557 esse

292 3581 355 3629 21
402 3571 607 3631 α’κούει
653 3579 962 3630 incommode
1012 3583 1145 3629 inter
1195 3574 1424 3639 δοξάζει
1468 3584 1521 3626 et
1572 3573 1709 3640 τιμᾷ
1765 3575 2093 3626 interiectum.
