2563 4087
364 226 492 296 236
1107 272 1120 279 -
1181 230 1431 297 Aesopus
1464 230 1495 280 1

164 428 207 469 p.
229 418 278 459 16
295 417 335 457 b.
374 387 478 467 οτῗ
478 416 611 469 τως
640 391 957 477 έπριάτο;
987 388 1126 457 ἀλλ’
1152 387 1244 469 ὥς
1275 394 1512 476 ἔοικεν,
1538 386 1695 457 άντὶ
1722 394 2101 476 βασκανίου
2122 392 2348 459 τοῦτο

367 495 489 578 τῆς
525 497 749 570 οἰκίας
788 489 1165 578 ω’νήσατο“.

279 604 332 655 V
506 592 709 663 Μετά
763 591 826 661 δ’
882 590 966 661 οὐ
1017 589 1192 663 πολὺ
1231 593 1348 661 καὶ
1397 588 1433 660 ὁ
1488 598 1780 685 ἔμπορος
1831 590 2192 678 εἰσελθών,
2245 591 2340 661 τὰ

373 692 543 782 πρὸς
604 692 773 762 ὁδὸν
837 691 1365 782 εὐτρεπισθῆναι
1426 709 1570 773 τοῖς
1622 692 1896 772 δούλοις
1952 693 2333 780 ἐπέσκηψε’

318 821 346 863 5
370 797 635 883 μέλλειν
671 795 802 882 γὰρ
837 794 961 882 τὴν
1001 797 1336 867 ἐπιοῦσαν
1371 801 1470 874 εἰς
1499 794 1732 865 Ἀσίαν
1766 792 2197 881 πορεύεσθαι.
2260 801 2344 863 οἳ

368 893 494 984 μὲν
529 885 657 963 οὖν
693 894 950 969 αὐτίκα
991 896 1073 965 τοὶ
1113 896 1322 984 σκεύη
1358 902 1823 986 διεμερίζοντο.
1900 893 1937 962 ὁ
1976 891 2041 963 δ’
2082 905 2336 967 Αἴσω-

370 1022 494 1076 πος
526 998 739 1066 ἐδεῖτο
768 1004 893 1067 τοῦ
922 997 1362 1085 κουφοτάτου
1390 1002 1533 1067 τῶν
1553 1004 1858 1086 φορτίων
1884 994 2077 1087 αὐτῷ
2096 1021 2341 1084 παρα-

369 1112 646 1186 χωρεῖν,
698 1096 813 1168 ἅτε
861 1100 948 1187 δὴ
983 1099 1300 1189 νεωνήτῳ
1337 1099 1451 1168 καὶ
1487 1099 1686 1187 μήπω
1722 1098 1896 1186 πρὸς
1928 1098 2053 1177 τὰς
2087 1097 2335 1167 τοιαύ-

370 1225 490 1280 τας
517 1198 912 1290 ὑπουργίας
946 1203 1506 1292 γεγυμνασμένῳ.
1559 1202 1698 1269 τῶν
1727 1201 1832 1285 δέ,
1858 1200 1974 1268 καὶ
2009 1205 2075 1269 εἰ
2105 1198 2340 1287 μηδὲν

298 1327 348 1368 10
375 1293 533 1390 ἆραι
589 1303 944 1391 βούλεται,
1008 1301 1423 1391 συγγνώμην
1486 1303 1965 1391 παρεχομένων
1982 1353 2005 1387 ,,
2067 1303 2336 1380 ἐκεῖνος

374 1401 457 1471 οὐ
492 1407 641 1472 δεῖν
669 1412 855 1490 ἔλεγε
883 1403 1161 1474 πάντων
1188 1404 1587 1474 κοπιώντων
1613 1402 1832 1473 αὐτὸν
1858 1402 2071 1490 μόνον
2098 1401 2334 1471 dmm-

372 1510 530 1590 τελῆ
566 1506 948 1591 τυγχάνειν.
986 1510 1128 1574 τῶν
1168 1505 1244 1574 δὲ
1281 1504 1447 1595 ὅπερ
1484 1502 1572 1575 ἂν
1607 1495 1764 1595 ἆραι
1802 1503 2130 1592 βούληται
2165 1506 2329 1573 ἐπι-

372 1605 788 1693 τρεπόντων,
808 1610 1011 1695 δεῦρο
1038 1605 1308 1679 κάκεῖσε
1335 1606 1936 1695 περιβλεψάμενοςρ
1956 1607 2081 1674 καὶ
2103 1604 2327 1694 σκεύη

375 1704 682 1795 ἀθρήσας
734 1707 1053 1797 διάφορα,
1105 1708 1401 1789 σάκκους
1445 1710 1560 1778 καὶ
1598 1707 1954 1798 στρώματα
1990 1707 2103 1775 καὶ
2140 1734 2327 1794 γυρ-

298 1831 349 1874 15
374 1807 666 1895 γάθους,
706 1812 827 1881 ἕνα
854 1808 1215 1897 γύργαθον
1243 1809 1468 1899 ἄρτων
1505 1810 2060 1898 πεπληρωμένον,
2096 1804 2179 1876 ὃν
2202 1810 2331 1877 καὶ

381 1909 518 1978 δύο
576 1912 924 1999 βαστάζειν
990 1918 1293 2001 ἔμελλον,
1352 1910 1545 2004 αὐτῷ
1607 1914 1994 1998 ἐπιτεθῆναι
2044 1908 2330 1981 κελεύει.

511 2145 536 2193 1
574 2135 1028 2210 άντιβασκανίου
1062 2144 1117 2193 Η
1219 2146 1250 2193 2
1285 2145 1340 2193 in
1375 2134 1636 2207 ὠνήσατο
1673 2145 1859 2194 desinit
1891 2141 1945 2199 U
2075 2144 2113 2193 3
2151 2137 2340 2193 elcal-

373 2200 525 2274 θῶν]
573 2211 845 2261 abscissum
875 2210 1037 2276 p'ert'it
1071 2213 1126 2261 in
1158 2211 1232 2262 Μ.
1285 2207 1339 2262 εἰ
1370 2210 1417 2261 A
1441 2214 1472 2261 2
1517 2214 1570 2261 in
1611 2227 1828 2266 rasura,-
1895 2212 2047 2261 etiam
2080 2225 2116 2260 a
2150 2227 2213 2260 m.
2247 2226 2342 2275 pr.

374 2329 485 2376 scri
521 2333 618 2377 tum
656 2330 861 2379 uidetur
894 2329 1059 2391 fuisse
1095 2322 1152 2378 εἰ
1277 2331 1313 2379 4
1346 2319 1507 2384 ὁδῶν
1540 2330 1584 2380 Ρ
1723 2294 1915 2382 {moen
1953 2326 2003 2377 A
2039 2344 2070 2392 ρ
2106 2328 2156 2379 A
2180 2330 2213 2377 2

373 2395 406 2444 5
431 2411 469 2459 μ
505 2394 622 2446 λλει
647 2396 718 2457 A3
753 2391 977 2460 μέλλων
1012 2412 1163 2447 eraso
1202 2399 1342 2463 quod
1370 2399 1423 2448 in
1445 2396 1752 2463 sequebatur
1778 2414 1823 2450 ιι.
1863 2388 1971 2464 γαρ
2007 2395 2054 2458 Q
2197 2387 2329 2447 ἐπί·-

374 2527 556 2564 ουσαν
592 2513 640 2562 A
745 2515 775 2564 6
812 2511 1207 2578 δισμερίζοντο
1242 2515 1285 2563 Ζ
1324 2507 1721 2592 ὃιᾶμερίζοντο
1758 2516 1800 2565 Ρ
1908 2467 2138 2568 {metro
2162 2514 2221 2563 H

373 2584 404 2631 7
444 2576 664 2648 τοῦ]τό
691 2599 843 2662 εναςα
868 2586 901 2632 l.
932 2581 966 2633 ὗ
995 2583 1040 2645 Q
1146 2598 1480 2648 κοφοτατου
1515 2584 1564 2633 R
1608 2577 1953 2650 κουφοτέρὲ
1994 2584 2042 2634 A
2076 2578 2329 2647 κοφοτέ·

372 2700 544 2760 ρουΡ
591 2665 913 2767 κοφοῖτοέέῧῖ
939 2702 981 2749 Ε
1027 2695 1433 2765 κουφουτάτου
1468 2702 1522 2751 Η
1564 2696 1934 2766 κουφότατον
1981 2702 2026 2764 Q
2141 2715 2337 2764 παρα·

372 2768 537 2831 σχεῖν
572 2767 617 2827 Q
722 2772 753 2819 9
789 2764 1109 2836 ὑπηρεσίας
1144 2769 1189 2830 Q
1306 2765 1406 2847 ugni.
1441 2784 1603 2833 supra
1638 2784 1836 2819 uersum
1872 2769 1913 2819 Z
2018 2761 2211 2848 μήδεν
2250 2768 2331 2831 H,

372 2848 524 2883 eraso
551 2843 763 2886 accentu
791 2854 822 2901 η
849 2838 897 2886 Ε
995 2838 1057 2887 10
1080 2829 1223 2902 ἄραι
1247 2836 1298 2886 V
1323 2852 1436 2898 αρα
1459 2837 1504 2885 Ρ
1542 2828 1654 2901 ἄρα
1680 2836 1717 2886 J
1727 2836 1892 2886 FZK
1985 2836 2261 2903 βουλαιτε
2281 2833 2332 2888 Ρ

373 2893 654 2966 βούληται
689 2902 735 2951 Ε
761 2903 815 2953 Η
839 2905 876 2955 J
902 2905 947 2954 F
972 2905 1023 2954 K
1047 2905 1088 2953 Z
1110 2904 1145 2954 b
1306 2896 1553 2967 ἐκεῖνος]
1604 2896 1783 2963 αὐτὸς
1819 2905 1883 2955 V.
1932 2907 2060 2969 'pose
2096 2895 2331 2963 ἐκεῖνος

377 2982 532 3019 erasa
566 2984 620 3030 p.
662 2963 743 3029 δὲ,
780 2971 828 3021 Α
986 2973 1045 3022 11
1086 2962 1155 3022 οὗ
1192 2969 1346 3035 δεῖν]
1389 2962 1563 3023 ου’δὲν
1599 2971 1646 3033 Q
1673 2972 1724 3022 Φ
1887 2966 2084 3038 ἔλεγεν
2121 2971 2168 3034 Q

372 3026 702 3086 κοπιόντων
744 3039 793 3089 V
820 3040 865 3101 Q
895 3041 944 3091 R
969 3041 1013 3089 E
1038 3039 1118 3100 H3
1166 3055 1197 3089 ο
1245 3055 1384 3090 corr.
1422 3041 1475 3089 in
1523 3056 1566 3089 ω
1611 3039 1728 3118 KZ
1775 3035 2159 3092 nmntuivtva

377 3091 620 3167 123⁷ch
658 3092 734 3156 ἂν
766 3091 880 3173 ἆρα
918 3105 1214 3174 βούλοιται
1252 3107 1299 3168 Q
1337 3093 1480 3171 ὅπερ
1516 3095 1592 3160 ἂν
1630 3122 1766 3169 αραι
1803 3097 2071 3173 βούλοιτο
2105 3106 2155 3165 A
2191 3094 2345 3173 ὅπερ

376 3211 451 3272 ἂν
497 3186 639 3301 ἆρὲι
661 3222 750 3288 (m.
788 3224 890 3291 pr.)
935 3219 1153 3289 βούλοι,
1193 3218 1257 3275 τὸ
1295 3224 1341 3274 Ρ
1387 3213 1529 3289 ὅπερ
1561 3215 1677 3291 ἄρα
1712 3219 1983 3303 βούλεται
2017 3225 2067 3273 V
2208 3218 2338 3277 ἔπι-

375 3305 546 3356 τροπο
561 3308 709 3343 ντων
742 3292 791 3343 A
898 3296 959 3343 13
996 3293 1230 3344 κακεῑσε
1266 3292 1320 3342 H
1356 3300 1413 3344 ut
1443 3308 1602 3359 saepe
1705 3291 1807 3344 καὶ
1832 3307 2007 3359 σκευη
2034 3294 2085 3343 in
2109 3292 2160 3341 D
2199 3295 2334 3345 add.
2418 3329 2423 3336 -

372 3372 548 3410 manus
585 3376 690 3410 rec.
836 3362 896 3409 14
944 3351 1210 3424 ἀθρήσας
1248 3367 1303 3409 ut
1338 3364 1652 3411 confeceram
1687 3360 1837 3423 MQ:
1880 3351 2170 3422 ἀθροίσας
2206 3362 2341 3412 libre·

365 3429 548 3479 ceteri.
590 3419 1087 3491 περιβλεψάμενος
1122 3427 1193 3476 W
1311 3419 1656 3493 στρῶμματα
1692 3429 1741 3477 R
1857 3431 1921 3480 15
1956 3422 2136 3490 ἄρτον
2176 3429 2221 3478 Ρ

375 3484 446 3544 ὃν
482 3490 580 3544 καὶ
617 3496 836 3557 scripsi.-
874 3486 952 3544 ἕν’
989 3484 1024 3557 ἢ
1065 3493 1112 3542 V
1148 3482 1217 3544 ὃν
1253 3497 1415 3545 ceteri
1544 3498 1606 3546 16
1643 3488 1799 3548 αὐτῶ
1835 3495 1893 3546 Μ
1917 3498 1967 3548 V
1993 3495 2039 3558 Q
2063 3495 2117 3544 D
2143 3496 2191 3547 R
2218 3496 2268 3547 Φ
2302 3498 2340 3548 b

511 3552 882 3614 ἐπιτεθεῖναι
917 3559 972 3610 Η
996 3563 1043 3611 Ε
1068 3561 1105 3611 J
1128 3561 1173 3610 F
1199 3562 1251 3611 K
1272 3561 1314 3610 Z
1339 3577 1374 3610 v
1410 3554 1712 3618 ἐπιθεῖναι
1746 3563 1796 3614 Β
