2563 4087
1025 297 1270 360 Aesopus
1310 297 1335 347 1
1925 246 1942 261 ⁸
2024 294 2149 359 297

205 453 549 541 νηθέντας
594 451 858 540 φόρους
894 452 1379 544 παραδούςτῷ
1417 452 1747 544 Αἰσώπῳ,
1798 455 1871 523 ἐν
1901 453 2147 542 ἐἰρήνῃ
2187 482 2350 534 p.9ob.
2427 534 2437 543 ,

207 552 617 624 ἀπέστειλεν.
707 562 1027 634 Αἴσωπος
1073 553 1134 621 δ’
1191 563 1290 635 εἰς
1337 551 1718 641 Βαβυλῶνα
1765 555 2151 643 παραγενό-

207 682 438 745 μενος,
489 655 804 742 διεξῆλθε(
847 681 921 724 τε
973 656 1269 747 Λυκήρω
1321 655 1403 723 τὰ
1460 658 1532 723 ἐν
1582 655 1920 746 Αἰγύπτῳ
1973 681 2151 745 πρα-

210 757 470 844 χθέντα
519 757 739 824 π’άντα
772 758 888 825 καὶ
936 757 1100 836 τούς
1139 758 1403 846 φόρους
1438 755 1761 826 ἀπέδωκε.
1835 763 2151 847 Λυκῆρος

211 859 280 928 δ’
340 860 693 928 ἐκέλευσεν
744 856 1115 947 ἀνδριάντα
1151 861 1460 947 χρυσοῦν
1495 861 1590 949 τῷ
1639 859 1949 951 Αἰσώπῳ
1976 857 2150 927 ἆνα-
2176 888 2202 929 5

211 963 510 1049 τεθῆναι.
565 958 729 1047 μετὰ
765 958 832 1028 δ’
872 958 955 1028 οὐ
994 959 1218 1028 πολύν
1244 960 1495 1047 χρόνον
1524 969 1846 1040 Αἴσωπος
1875 968 1974 1040 εἰς
2002 959 2354 1031 Ἐλ-ΧΧΧῙΠ

213 1062 391 1131 λάδα
430 1060 882 1151 ἐβουλεύσατο
921 1059 1236 1165 πλεῦσαι.
1277 1063 1394 1130 καὶ
1429 1061 1515 1148 δὴ
1553 1063 1647 1152 τῷ
1683 1068 1948 1153 βασιλεῖ
1980 1082 2151 1132 συν-

212 1164 580 1250 ταξάμενος
617 1162 1066 1250 ἀπεδήμησεν,
1113 1190 1320 1251 ορκον
1356 1163 1522 1243 δοὺς
1557 1161 1770 1253 αὐτῷ
1794 1163 2151 1251 πρότερον,

213 1269 254 1352 ἡ
304 1263 439 1352 μὴν
491 1264 841 1351 ἐπανήξειν
889 1271 989 1344 εἰς
1039 1267 1433 1354 Βαβυλῶνα
1490 1262 1686 1332 κάκεῖ
1739 1269 1859 1332 τοῦ
1910 1269 2149 1333 λοιποῦ

214 1365 616 1455 διαβιώσειν.
703 1364 976 1453 περιιών
1025 1365 1104 1434 δὲ
1152 1361 1272 1445 τάς
1315 1365 1710 1453 Ελληνίδας
1758 1365 1985 1445 πόλεις
2033 1367 2148 1434 καὶ
2176 1396 2226 1434 ιο

211 1467 338 1554 τὴν
392 1469 639 1537 ἑαυτοῦ
696 1475 949 1554 σοφίαν
1015 1468 1596 1558 ἐπιδεικνύμενος,
1659 1458 1828 1555 ἦλθε
1882 1468 1996 1535 καὶ
2051 1473 2150 1546 εἰς
2249 1489 2256 1495 ·

216 1569 558 1657 Δελφούς.
616 1574 688 1637 οἱ
720 1568 796 1637 δὲ
835 1570 1099 1657 Δελφοὶ
1127 1570 1610 1657 διαλεγομένου
1645 1565 1843 1656 μὲν’
1807 1565 2152 1694 ηκροῶντο

212 1669 453 1758 ἡδέως,
499 1672 690 1758 τιμῆς
734 1670 817 1738 ’δὲ
864 1671 978 1738 καὶ
1012 1673 1381 1760 θεραπείας
1417 1677 1515 1750 εἰς
1552 1669 1766 1738 αὐτὸν
1814 1663 1969 1739 οὐδ’
2011 1668 2151 1739 ὁτι-

214 1777 345 1841 οῦν
404 1776 714 1860 ἔδρασαν.
807 1798 844 1840 ο
901 1771 978 1841 δὲ
1031 1773 1200 1861 πρὸς
1253 1768 1511 1853 αὐτους
1562 1770 1933 1859 υπολαβών
1991 1777 2149 1859 ἔφη·

218 1872 505 1962 ,ἅνδρες
544 1881 835 1961 Δελφοί,
885 1879 1103 1943 ἔπεισί
1146 1899 1257 1961 μοι
1294 1874 1477 1965 ξύλῳ
1512 1871 1695 1961 υμᾶς
1740 1873 2021 1956 εἰκάζειν
2055 1877 2148 1963 τῷ
2178 1900 2228 1941 15
2327 1884 2332 1888 ’

215 1978 291 2045 ἐν
324 1975 640 2063 θαλάσσῃ
671 1977 1025 2067 φερομένῳ
1045 1992 1058 2006 ·
1095 1974 1371 2046 κάκεῖνο
1397 1976 1531 2063 γὰρ
1559 1973 1852 2062 ὁρῶντες
1883 1976 1955 2043 ἐκ
1983 1980 2149 2041 πολ·-

214 2080 340 2148 λοῦ
392 2078 830 2165 διαστήματος
878 2076 1017 2146 ὑπὸ
1067 2076 1391 2165 κυμάτων
1436 2078 1843 2165 φερόμενον,
1890 2079 2148 2144 πολλοῦ

211 2206 394 2259 τινος
463 2176 649 2260 ἄξιον
719 2177 893 2247 εἶναι
951 2177 1264 2266 οἰόμεθα,
1338 2178 1610 2247 ἐπειδὰν
1669 2177 1733 2246 δ’
1804 2176 2152 2264 ἐγγυτάτω

213 2282 595 2371 προσέλθῃ,
631 2278 1109 2350 εὐτελέστατον
1145 2288 1476 2368 φαίνεται.
1542 2279 1728 2367 κάγώ
1767 2282 1943 2366 γοῦν
1980 2278 2152 2365 πόρ-

353 2449 377 2494 1
417 2438 634 2509 φόρους
669 2452 789 2509 post
825 2437 1060 2495 αἰσωπω
1095 2447 1331 2494 conlocat
1365 2444 1413 2494 Φ
1467 2408 1473 2415 ⁵
1536 2447 1567 2494 2
1604 2439 1670 2494 δὲ
1693 2444 1755 2493 ,V
1780 2443 1831 2492 D
1919 2432 1927 2442 ’
1969 2446 2000 2493 3
2038 2440 2152 2492 διε-

218 2512 438 2578 ξῆλθεν
477 2512 523 2573 Q
664 2508 749 2576 τε]
789 2510 866 2563 τῶ
904 2512 951 2563 Φ
976 2512 1022 2573 Q
1051 2512 1101 2560 D
1145 2525 1204 2561 τε
1239 2512 1316 2561 bis
1354 2512 1405 2561 H
1542 2514 1575 2560 4
1620 2500 1924 2561 ἀπέδωκεν
1961 2510 2017 2557 Μ

213 2584 244 2631 5
282 2576 349 2632 δὲ
385 2575 653 2631 κέλευσεν
694 2581 735 2629 Ρ
898 2571 1251 2629 ανατιθέναι
1289 2580 1340 2629 Κ
1495 2580 1526 2627 6
1561 2570 1705 2643 μετὰ
1745 2572 1809 2628 δὲ
1848 2568 1916 2627 οὖ
1954 2576 1993 2624 Ζ
2031 2569 2149 2640 μετ’

213 2690 283 2749 οὗ
319 2699 369 2749 R
496 2648 676 2749 ἕλ’άδα
713 2697 759 2759 Q
799 2697 828 2746 λ
865 2699 986 2752 add.
1023 2697 1069 2759 Q
1097 2698 1127 2745 2
1163 2688 1380 2747 ἐλλάὸα
1419 2696 1464 2745 A
1586 2698 1616 2745 7
1642 2687 2072 2773 ἐβουλεύσαντο
2109 2694 2151 2742 Ρ

350 2770 381 2817 8
419 2756 594 2830 ὅρκον
628 2765 676 2813 V
701 2766 750 2815 R
774 2765 820 2827 Q
847 2764 898 2813 D
923 2766 969 2813 Ε
999 2765 1049 2814 H
1085 2780 1239 2826 ορκω
1272 2762 1321 2813 A
1357 2754 1508 2830 ὅρκω
1543 2766 1587 2814 Ρ
1729 2755 1884 2814 αυτῶ
1920 2763 2047 2841 fecit
2083 2776 2153 2810 ex

213 2826 394 2885 αὐτὸν
432 2835 478 2883 R
515 2849 584 2882 m.
611 2849 690 2897 pr.
809 2825 970 2896 πρότ.
1007 2834 1060 2881 in
1097 2833 1143 2894 Q
1181 2840 1464 2882 correctum
1500 2848 1571 2882 ex
1605 2848 1778 2897 πρωτ.
1893 2831 1925 2880 9
1962 2815 1999 2895 ἦ
2035 2821 2152 2894 μὴν

190 2953 307 3003 “ona
346 2951 394 3001 Φ
569 2955 632 3001 10
668 2948 918 3017 διαβιώη
957 2950 1003 3027 Q
1051 2908 1340 3030 διαβιὲὶῗὲ
1373 2950 1424 2999 D
1472 2947 1618 3014 (σειν
1653 2956 1706 2999 et
1750 2955 1941 3024 puncta
1977 2948 2153 3013 quibus

214 3022 415 3070 deletur
451 3034 523 3084 ην
557 3019 609 3068 D
634 3018 716 3084 2);
766 3009 1083 3083 διαβιώσασ
1118 3017 1177 3067 A
1196 3006 1493 3096 διάβιωση
1497 3034 1531 3067 ν
1574 3020 1644 3079 Ρ·
1691 3007 2028 3082 διαβιῶσειν
2067 3016 2150 3078 sa-

212 3096 344 3137 ceum
387 3103 460 3137 ea:
502 3084 813 3151 διαβιῶσαι
848 3086 888 3134 Ζ
1034 3101 1145 3165 περ
1152 3076 1254 3135 ιὼν
1302 3085 1347 3146 Q
1372 3084 1424 3133 D
1451 3085 1498 3136 Φ
1638 3080 1706 3136 δὲ
1743 3087 1796 3134 in
1818 3084 1867 3133 A
1902 3084 2025 3135 add.
2050 3082 2099 3132 A
2121 3085 2152 3132 2

332 3146 515 3213 πόλις
550 3156 593 3204 P
629 3155 710 3204 hic
743 3156 847 3205 illic
988 3156 1047 3203 11
1083 3103 1271 3233 ἦλθεν
1309 3153 1357 3202 R
1384 3154 1423 3202 P
1462 3140 1613 3217 ἦλθε
1649 3169 1803 3203 erasa
1838 3157 1871 3203 l.
1912 3167 1946 3200 ν
1981 3150 2039 3232 Q

216 3225 278 3271 12
314 3216 424 3302 μὲν
468 3225 521 3272 in
554 3221 603 3272 A
639 3222 761 3274 add.
799 3221 903 3271 A2
1078 3223 1141 3272 13
1188 3211 1322 3271 ουδ’
1368 3212 1567 3271 ὁτιοῦν
1601 3220 1651 3269 A
1694 3211 1823 3271 οὐδ’
1873 3195 2074 3269 ὁτιουν
2108 3220 2153 3268 Ρ

213 3281 383 3341 οὖδὸ-
364 3284 553 3341 -τιοῦν
591 3305 744 3340 eraso
781 3292 885 3369 qui
902 3291 952 3338 in
990 3280 1020 3338 ὁ
1059 3295 1172 3338 erat
1209 3295 1421 3338 accentu
1455 3288 1505 3337 R
1542 3278 1856 3338 οὖδοτιοῦν
1884 3290 2047 3336 celeri

218 3360 281 3407 14
318 3351 575 3422 ἔδρασαν
612 3351 923 3408 οὐδοτιοῦν
959 3356 1006 3405 F
1029 3356 1068 3406 J
1092 3357 1144 3405 Κ
1168 3356 1208 3404 Ζ
1233 3374 1268 3406 v
1441 3350 1684 3419 ἔδρασεν
1722 3355 1766 3403 Ρ
1929 3345 2154 3406 υπαλα-

214 3416 331 3505 βιὸν
364 3425 416 3474 R
543 3427 606 3475 15
646 3420 895 3504 Δελφοὶ]
936 3418 1144 3503 δέλφοι
1184 3423 1230 3473 Α
1266 3372 1580 3486 αδελφοὶρα
1558 3424 1602 3471 R
1724 3415 1925 3487 ἕήπεισ
1961 3422 2002 3470 Ρ
2029 3422 2074 3471 E
2098 3420 2155 3497 H

214 3483 405 3544 ἐπεισῗ
441 3492 482 3541 Ζ
641 3486 893 3554 εἰκάζειν
931 3484 1085 3555 υμᾶς
1122 3491 1167 3552 Q
1329 3492 1393 3539 16
1427 3481 1693 3569 θαλάττῃ
1728 3490 1779 3538 Κ
1803 3488 1843 3537 Ζ
1868 3505 1903 3537 v
2050 3478 2154 3538 κα-

112 3557 119 3563 ’
211 3561 397 3620 κεῖνο]
431 3568 553 3624 post
589 3574 618 3609 ο
655 3562 830 3611 littera
865 3575 1020 3610 erata
1055 3559 1101 3620 Q
1278 3558 1342 3608 18
1378 3546 1618 3664 ἕπειδαν
1657 3559 1703 3606 Α
1871 3559 1932 3607 19
1969 3549 2155 3621 πόρω·

211 3627 323 3679 θεν
359 3629 407 3679 Ρ
