2563 4087
354 243 433 306 10

349 391 470 454 σαί
514 402 647 454 σοι·
710 374 910 463 οὗτος
980 382 1055 451 δὲ
1118 386 1484 479 αἰφνιδίως
1539 382 1873 450 ἐπιπεσών
1925 409 2074 470 μοι,
2130 387 2297 452 ε’νυ-

348 494 579 576 βρίσαι
612 513 746 575 μου
783 489 878 577 τῷ
919 484 1174 572 στόματι
1214 487 1556 575 ἐπειρᾶτο,
1596 481 1765 553 ὥστε
1791 488 1873 574 τῇ
1915 489 2133 574 πολλῇ
2174 492 2296 574 βίᾳ

349 589 473 677 τὴν
511 589 757 675 στολήν
792 614 924 676 μου
965 587 1363 676 ἐσπάραξεν,
1401 585 1490 665 ὥς
1529 585 1721 675 ὁρᾷς,
1757 588 1872 655 καὶ
1910 587 1986 655 τὸ
2018 587 2298 676 πρόσω*

352 716 484 760 πον
518 707 661 770 τοῖς
702 694 901 769 ἰδίοις
937 689 1549 777 κατετραυματισεν
1577 686 1782 770 ὄνυξι.
1840 691 1953 757 καὶ
1995 691 2127 776 ἐγώ
2170 689 2299 778 μὲν

296 820 325 859 5
355 792 653 880 ἐνόμιζον
690 789 780 871 ὥς
817 789 1043 872 ἄλλοις
1090 793 1266 860 τισὶν
1316 789 1730 878 ἐλαττώμασι
1776 807 2199 881 νεωτερικοῐς
2252 791 2289 860 ὁ

352 895 471 975 σός
508 911 668 974 παῖς
709 896 1079 984 ἐκρατεῖτο·
1118 892 1458 981 τοσαύτην
1486 892 1563 960 δὲ
1591 890 1945 962 ἀναίδειαν
1976 895 2297 983 μυσαράν

352 1003 525 1084 ἔχειν
561 994 777 1066 αὐτὸν
813 994 966 1065 οὐδ’
1008 993 1181 1075 ὅλως
1219 986 1734 1083 Δε’στοχαζόμην.ςί
1791 994 1828 1062 ὁ
1869 996 1945 1065 δὲ
1979 998 2299 1085 βασιλεὺς

348 1100 613 1168 τούτων
680 1102 817 1167 τῶν
879 1097 1104 1184 λόγων
1168 1095 1588 1176 ἀνελπίστως
1650 1098 1764 1166 καὶ
1829 1099 2011 1188 παρα
2069 1102 2297 1167 πᾶσαν

351 1205 769 1289 προσδοκίαν
796 1198 1124 1287 οἰκούσας,
1151 1200 1265 1267 καὶ
1295 1202 1748 1285 καταπλαγεὶς
1789 1203 1901 1268 ε’πὶ
1937 1205 2031 1291 τῷ
2070 1226 2298 1290 παρα-

277 1328 327 1367 ιο
355 1303 531 1395 δόξῳ
567 1308 685 1389 τῆς
723 1303 1123 1390 διηγήσεως,
1172 1306 1397 1381 κακῶς
1433 1302 1602 1370 κατὰ
1639 1305 1763 1370 τοῦ
1813 1307 1975 1371 υἱοῦ
2029 1304 2295 1390 διετέθη

351 1407 465 1474 καὶ
515 1405 819 1475 καθόλου
869 1403 1084 1473 αὐτὸν
1131 1407 1247 1491 τῆς
1296 1402 1612 1492 υίότητος
1661 1401 2099 1485 ἄπεξένωσεν.
2186 1405 2299 1472 ε’πὶ

353 1506 527 1577 πολύ
570 1506 646 1575 δὲ
683 1512 764 1594 τῇ
806 1510 1056 1596 καρδίᾳ
1094 1504 1505 1601 νυττόμενος
1541 1507 1655 1575 καὶ
1692 1510 1949 1594 πικρῶς
1985 1510 2067 1594 τῇ
2109 1505 2296 1594 λύπῃ

351 1606 765 1697 βαλλόμενος
783 1663 803 1697 ,
833 1606 1312 1696 πολυτρόπους
1332 1611 1445 1676 καὶ
1475 1608 1713 1687 ξένους
1733 1608 2101 1697 λογισμούς
2129 1606 2294 1676 καθ’

355 1710 601 1780 ἑαυτὸν
630 1709 943 1779 α’,νεπόλει
970 1709 1139 1779 κατὰ
1164 1714 1287 1779 τοῦ
1318 1714 1479 1779 υίοῦ
1500 1729 1513 1742 ·
1553 1713 1743 1790 τέλος
1782 1710 1919 1799 (δὲ)
1950 1716 2034 1798 τῇ
2075 1717 2293 1798 πολλῇ

279 1834 328 1874 15
356 1812 541 1900 λύπῃ
592 1815 1054 1903 κατατρωθεὶς
1102 1812 1410 1881 θάνατον
1460 1813 1630 1881 κατὰ
1683 1817 1805 1882 τοῦ
1849 1812 2089 1892 παιδὸς
2127 1810 2296 1880 ἀπε·
2381 1813 2385 1817 ’

357 1914 638 2002 φήνατο.

143 2036 324 2086 1›·15B·
501 2017 830 2107 Ὑπῆρχον
878 2007 1007 2085 οὖν
1052 2015 1202 2085 τότε
1238 2022 1333 2107 τῷ
1382 2023 1645 2105 βασιλεῖ
1678 2015 2055 2106 σύμβουλοι
2092 2015 2296 2104 φιλό-

356 2141 553 2208 σοφοι
593 2120 793 2207 ἑπτα,
843 2115 966 2199 οὕς
1003 2121 1117 2187 καὶ
1156 2119 1530 2206 συνήθειαν
1582 2118 1759 2204 εἶχεν
1809 2120 1921 2188 ἐπὶ
1959 2122 2122 2187 πᾶσι
2156 2134 2298 2197 τοῖς

353 2221 476 2290 ὑπ’
519 2219 735 2289 αὐτοῦ
792 2222 1168 2308 γινομένοις
1205 2222 1643 2309 συμβούλους
1693 2223 1808 2290 καὶ
1858 2221 2296 2309 συμπράκτο-

277 2346 328 2386 20
356 2351 477 2412 ρας
517 2329 704 2409 ἔχειν.
760 2327 1126 2410 τοιγαροῦν
1161 2324 1273 2390 καὶ
1315 2349 1503 2391 ουτοι
1539 2321 1953 2402 ακούσαντες
1990 2323 2116 2410 τὴν
2156 2325 2292 2404 ἐξε-

352 2434 716 2513 νεχθεῖσαν
763 2423 1112 2511 απόφασιν
1158 2424 1512 2512 βασιλικὴν
1558 2452 1728 2493 κατα
1777 2430 1899 2494 τοῦ
1948 2429 2111 2495 υίοῦ
2165 2422 2295 2492 αὐ-

352 2532 473 2596 τοῦ
541 2527 747 2616 χωρὶς
808 2529 925 2613 τῆς
979 2523 1211 2594 αὐτῶν
1275 2531 1706 2616 συμβουλῆς,
1770 2535 2301 2615 συνελογίσαντο

353 2628 516 2699 καθ’
562 2628 888 2716 ἑαυτούς,
925 2626 1422 2716 καταλαβόντες
1473 2627 1563 2708 ὦς
1598 2629 1676 2697 τὸ
1712 2629 1887 2698 πολῦ
1929 2634 2051 2717 τῆς
2089 2627 2298 2717 ὀργῆς

354 2733 470 2799 καὶ
506 2729 941 2819 ὑπερβάλλον
991 2734 1108 2818 τῆς
1157 2729 1459 2819 πράξεως
1508 2729 1821 2820 ἡττηθεὶς
1871 2730 1907 2800 ὁ
1955 2730 2301 2819 βασιλεύς,

494 2897 520 2943 1
561 2888 887 2957 αἰφνηδίως
913 2894 959 2942 V
1085 2887 1145 2945 ἐν
1182 2883 1420 2959 υβρισαί
1449 2896 1498 2944 V
1634 2897 1668 2945 4
1703 2885 1904 2960 ὄνυξιν
1946 2895 2082 2957 (ΑΒ)
2121 2896 2301 2946 Boias,

492 2963 523 3010 6
562 2959 870 3039 τοσαύτην]
911 2963 980 3023 cf.
1019 2965 1343 3020 3,1.11
1385 2954 1633 3013 ἐπιπολύ
1667 2964 1788 3014 libri
1912 2966 1975 3013 12
2013 2962 2079 3028 τῇ
2120 2956 2296 3030 λύπῃ]

355 3033 460 3082 noli
494 3031 688 3079 addere
726 3022 789 3081 ἐν
934 3027 1034 3079 καὶ
1072 3044 1130 3078 π
1170 3026 1236 3094 τῇ
1277 3030 1324 3081 λ.
1364 3024 1711 3095 βαλλόμενος
1757 3048 1852 3084 om.
1888 3031 1935 3081 A
2086 3033 2147 3081 13
2193 3045 2302 3081 πο-

356 3089 686 3161 λυτρτόπους
722 3099 768 3147 Α
923 3099 986 3146 14
1023 3088 1302 3162 ανεπήλει
1339 3099 1381 3147 Β
1533 3092 1602 3150 δὲ
1639 3100 1810 3149 adieci
1942 3097 2123 3165 πολλῇ
2159 3101 2210 3147 in
2251 3100 2300 3147 V

354 3181 492 3217 corr.
532 3181 602 3215 eae
636 3157 785 3216 πολύ
818 3181 880 3216 m.
918 3182 1002 3228 pr.
1154 3166 1217 3215 15
1252 3163 1627 3225 καταπασθεὶς
1662 3169 1712 3217 V
1757 3151 2121 3225 καταποθεὶς
2160 3165 2301 3231 (ΑΒ)

354 3232 732 3283 Boissonade:
768 3232 1404 3309 εονίρείκατατρωθείς.
1461 3235 1530 3297 cf.
1568 3239 1600 3285 l
1633 3237 1712 3285 13.
1749 3236 1799 3297 8,
1840 3236 1917 3287 12.
1954 3252 2008 3317 p.
2034 3237 2117 3285 50.
2145 3235 2302 3284 7413.

497 3302 558 3349 17
605 3291 756 3365 τότε]
797 3293 899 3350 τὸν
936 3293 1140 3365 καιρὸν
1180 3294 1406 3353 ἐκεῖνον
1442 3303 1492 3351 D
1670 3303 1732 3352 19
1743 3299 2108 3382 γενομένοις
2155 3302 2304 3351 libri.-

352 3370 548 3433 scripsi
579 3363 904 3434 γινομένοις
1075 3370 1141 3418 23
1179 3364 1283 3420 διὰ
1319 3371 1455 3419 inter·
1491 3386 1566 3429 ως
1613 3379 1665 3420 et
1700 3364 1761 3419 τὸ
1800 3372 2121 3420 inserendum
2156 3370 2305 3419 uide·

354 3443 468 3493 ner,-
512 3437 610 3485 hac
645 3438 773 3486 enim
817 3438 1071 3486 sententia
1116 3454 1147 3485 a
1189 3437 1496 3502 Byzantinis
1538 3454 1644 3488 cnm
1690 3438 1984 3490 aecusatiuo
2030 3454 2127 3488 non
2175 3453 2304 3488 raro

353 3506 675 3584 coniungitur
878 3507 943 3555 23
991 3506 1160 3555 oratio
1198 3522 1328 3571 qnae
1373 3508 1561 3556 dicitur
1597 3508 1797 3556 directa
1838 3507 1929 3569 for
1932 3514 2067 3556 tasse
2111 3506 2232 3555 inde
2269 3522 2305 3555 a

354 3572 525 3622 uerbis
562 3567 662 3622 διοὶ
702 3565 765 3623 τὸ
802 3575 1156 3624 constituenda
1195 3582 1296 3635 est;
1339 3576 1413 3624 sic
1448 3576 1499 3625 D
