2563 4087
59 3 530 63 Ὗ-Ἶ-ε*
552 3 561 11 ·

1036 238 1187 292 v111.
1702 268 1709 275 =
1914 276 1918 283 ‚
2000 234 2082 298 83

173 384 326 467 πᾶν,
384 380 547 447 διότι
605 379 688 447 τὰ
752 382 870 464 τῆς
919 377 1134 446 αὐτοῦ
1186 377 1394 465 τύχης
1458 376 1544 446 δι’
1599 377 2082 466 ἀστρολογικῆς

173 482 510 568 ἐρευνήσας
562 480 904 566 μεθόδου,
956 480 1293 567 ἐγνώρισα
1353 506 1580 567 ευρων
1636 478 1727 559 ὥς
1778 488 1841 549 εί
1889 478 2080 557 ἐντὸς

172 581 314 651 ἑπτα
335 581 599 670 ἡμερῶν
625 581 921 669 λαλήσει,
946 581 1230 672 θανατῳ
1256 580 1700 669 ύποβληθείη.
1743 580 1852 648 δια
1879 585 2081 649 τοῦτο

168 682 333 769 κάγώ
370 710 637 771 μακραν
674 681 806 751 απὸ
855 684 972 767 τῆς
1007 690 1354 771 βασιλείας
1405 703 1530 751 σου
1583 683 1916 770 ἐκρύβην,
1957 685 2081 760 ἕως

166 774 237 852 οὗ
280 785 581 872 παρέλθῃ
644 783 686 870 ἡ
739 789 979 869 διωρία
1029 781 1220 871 αὕτη.
1305 782 1471 853 όθεν
1520 786 1635 851 καὶ
1685 787 1906 862 καλῶς
1956 810 2078 851 πε-
2105 814 2131 854 5

168 893 378 973 ποίηκε
426 884 581 975 μηδ’
623 884 797 965 ὅλως
834 886 1128 972 λαλήσας
1166 906 1270 952 σοι
1320 889 1394 954 ἐν
1431 885 1673 964 αὐταῖς
1721 901 1873 964 ταῖς
1910 884 2079 972 ἡμέ-

171 987 359 1073 ραις.“
450 984 486 1056 ὁ
542 987 620 1055 δὲ
653 985 973 1076 βασιλεὺς
1023 991 1181 1073 ἔφη·
1250 987 1487 1074 ,,χοὲρις
1522 995 1802 1073 μεγίστη
1840 985 2081 1069 λοιπὸν
2138 1028 2145 1033 -

165 1091 247 1177 τῷ
287 1094 461 1179 θεῷ,
509 1086 611 1156 ὅτι
657 1115 790 1176 μου
845 1087 967 1155 τὸν
1014 1088 1179 1156 υίόν
1220 1091 1293 1156 ἐκ
1341 1093 1462 1174 τῆς
1513 1086 1759 1156 ἀδίκου
1812 1092 2079 1175 σφαγῆς

170 1189 581 1276 διεφύλαξεν·
622 1198 687 1259 εἰ
718 1190 851 1277 γὰρ
885 1188 920 1258 ὁ
949 1189 1106 1268 υἱός
1132 1215 1268 1275 μου
1299 1189 1662 1276 ἐφονεύετο
1691 1189 1852 1275 παρ’
1890 1192 2079 1276 ἐμοῦ,

169 1290 576 1361 ἐκινδύνευεν
627 1292 1104 1379 ἐξαλειφθῆναι
1155 1293 1227 1357 ἐκ
1276 1293 1399 1377 γῆς
1446 1290 1521 1357 τό
1578 1289 1744 1376 ἐμὸν
1788 1287 2074 1377 ὅνομα.“
2105 1320 2155 1359 10

166 1394 356 1460 ταῦτα
392 1392 605 1461 εἰπών
640 1391 676 1461 ὁ
713 1392 1034 1480 βασιλεὺς
1083 1400 1561 1478 προσκαλεῖται
1595 1390 1756 1472 τούς
1793 1391 2072 1479 φιλοσό-
2096 1419 2280 1470 p.105B.

168 1519 319 1577 φους
354 1493 568 1563 αὐτοῦ
609 1495 725 1561 καὶ
756 1493 1233 1581 πλησιὲστερον
1270 1493 1489 1562 αὐτοῦ
1527 1493 1692 1580 μετὰ
1728 1501 1850 1561 τοῦ
1885 1504 2078 1562 Συν-

166 1601 305 1662 τίπα
351 1595 983 1687 παραστησάμενος,
1033 1596 1157 1661 τοῦ
1209 1595 1451 1674 παιδὸς
1506 1599 1580 1664 ἐκ
1629 1596 1865 1675 δεξιῶν
1903 1616 2077 1681 συγ-

169 1695 482 1782 καθέδρου
520 1696 986 1786 ὑπαρχοντος,
1034 1693 1263 1783 ἠρώτα
1299 1696 1463 1776 τούς
1502 1697 1924 1784 φιλοσόφους
1961 1696 2076 1764 λε’-

167 1816 313 1878 γων·
352 1801 637 1884 ,,εἰ’πατέ
665 1825 777 1885 μοι
811 1800 968 1884 νῦν,
1011 1824 1062 1864 ω
1099 1794 1376 1886 ἄνδρες·
1427 1800 1547 1866 ἐαν
1582 1799 1705 1866 τὸν
1741 1800 1903 1867 υἱόν
1939 1826 2073 1886 μου
2104 1827 2153 1865 15

169 1896 473 1982 ἐφόνευον
514 1899 706 1978 ἐντὸς
742 1901 882 1966 τῶν
913 1901 1076 1967 επτα
1107 1897 1403 1986 ἡμερῶν,
1430 1906 1565 1967 τίνι
1592 1897 1667 1967 τὸ
1699 1910 1913 1967 αἴτιον
1950 1904 2074 1968 τοῦ

166 1999 357 2082 φόνου
397 2003 892 2090 ἐπεγέγραπτο,
946 2004 1127 2089 ἐμοί,
1175 2005 1271 2091 τῷ
1329 2005 1465 2092 υἱῷ
1505 2028 1682 2089 μου,
1731 1997 1773 2088 ἢ
1821 2003 1905 2089 τῇ
1943 2028 2075 2087 γυ-

167 2101 407 2184 ναικί;“

303 2205 462 2272 Τότε
490 2203 575 2291 δὴ
602 2206 741 2271 τῶν
768 2204 1167 2292 φιλοσόφων
1195 2205 1512 2291 τέσσαρες
1539 2207 1875 2291 ἐγγίζουσι
1902 2213 2075 2292 πλη-

165 2308 292 2370 σίον
337 2310 428 2395 τῷ
479 2313 759 2393 βασιλεῖ.
827 2307 942 2374 καὶ
993 2303 1028 2372 ὁ
1080 2300 1178 2383 εἷς
1227 2303 1347 2373 απ’
1403 2304 1636 2374 αυτῶν
1688 2305 1908 2375 εἶπεν·
1971 2335 2074 2394 „m
2102 2336 2153 2374 20

164 2407 456 2494 βασιλεῦ,
514 2405 646 2492 ἐγώ
699 2414 948 2494 νομίζω
1002 2404 1103 2473 ὅτι
1157 2404 1199 2493 ἡ
1253 2415 1441 2477 αἰτία
1493 2412 1616 2476 τοῦ
1674 2407 1896 2496 φόνου
1950 2411 2073 2475 τοῦ

273 2604 301 2650 2
334 2593 405 2662 ὥς
443 2598 499 2653 εἰ
532 2595 693 2681 ἐντὸς
728 2604 813 2665 Μ,
851 2604 1218 2654 Boissonade:
1258 2596 1333 2662 ὡς
1372 2598 1520 2681 εἰτός
1556 2607 1602 2654 Α
1639 2598 1714 2663 ὡς
1752 2597 1913 2663 ἐντὸς
1951 2606 2071 2666 BV;

162 2681 198 2713 u
231 2668 273 2717 D
402 2674 433 2721 3
472 2661 734 2736 λαλήσει]
776 2668 1096 2737 φθέγξοιτο
1136 2673 1188 2721 Μ
1324 2674 1357 2720 4
1393 2660 1552 2736 κᾷγώ
1589 2674 1638 2722 V
1664 2671 1786 2735 (D).
1826 2664 1934 2735 ἐγω
1961 2673 2070 2732 AB,

161 2731 311 2785 Boiss
347 2726 494 2788 σθεν
530 2736 631 2789 καὶ
667 2740 739 2792 Μ.
779 2736 879 2789 καὶ
914 2742 1139 2803 pertinet
1175 2741 1247 2790 ad
1279 2758 1328 2789 ιι.
1368 2722 1630 2804 ἐκρύβην.
1668 2758 1715 2789 ιι.
1758 2741 1841 2801 68,
1881 2741 1944 2789 18

59 2847 62 2858 .
161 2802 186 2847 ὃ
212 2801 484 2884 παρέλθῃ]
525 2796 598 2855 ἂν
632 2806 993 2871 περαιωθείη
1031 2807 1088 2855 Μ
1297 2804 1502 2872 διωρία
1539 2807 1762 2858 ABVM.
1810 2807 1878 2887 ef.
1919 2810 2074 2865 5,10

272 2874 301 2920 6
332 2857 609 2930 ταύταιςῗ
646 2874 702 2922 Μ
750 2874 905 2924 habet
939 2866 1001 2924 ἐν
1037 2864 1244 2932 αυταῖς
1280 2876 1478 2925 omissis
1512 2891 1594 2924 ιιιι.
1631 2878 1761 2933 ταῖς
1797 2866 2071 2956 ἡμέραις·

59 2953 62 2958 >
160 2943 298 3013 recte,
331 2957 444 2990 nam
482 2945 761 2991 antecessit
805 2945 837 2992 5
882 2958 983 2991 non
1025 2933 1060 3006 ἡ
1113 2939 1320 3007 διωριά
1366 2958 1512 3006 αυτη
1558 2945 1655 2993 sed
1695 2934 1730 3008 ἡ
1770 2941 1882 2993 τῶν
1927 2934 2071 2994 ἕπτοὶ

161 2993 355 3078 ᾗμερῶν
403 3006 631 3089 διωρία.
669 3010 841 3074 itaque
888 3011 1092 3060 uidetur
1137 3011 1188 3058 in
1236 3010 1517 3074 archetypo
1559 3010 1724 3072 fuisse
1770 3012 1900 3060 idem
1938 3013 2077 3076 quod

158 3069 199 3117 ῑη
226 3072 303 3136 M,
333 3077 428 3125 sed
448 3078 537 3141 qui
558 3076 689 3125 hanc
714 3077 936 3155 congecit
970 3079 1316 3127 recensionem
1338 3086 1600 3156 utrumque
1633 3080 1910 3127 inmutauit.
1942 3096 1992 3127 ιι.
2022 3078 2073 3126 D

273 3143 332 3192 10
364 3134 763 3207 ἐκινδύνευεν]
806 3160 878 3194 αν
914 3146 1035 3194 add
1063 3145 1122 3193 M
1263 3147 1327 3194 14
1362 3139 1496 3204 τούς
1523 3141 1883 3210 φιλοσόφους
1919 3163 2073 3210 repe-

161 3203 276 3256 titum
306 3225 439 3260 more
475 3213 814 3261 recentiorum
976 3214 1038 3262 15
1076 3205 1179 3261 ἐὰν
1213 3213 1247 3264 ι’.
1273 3228 1319 3264 e.
1361 3209 1417 3264 εἰ
1453 3214 1524 3262 Μ.
1565 3214 1742 3274 cf.75,
1785 3216 1848 3264 18
2010 3216 2071 3263 18

161 3266 392 3341 Syntipas
428 3280 491 3327 de
527 3280 739 3328 consilio
772 3280 976 3359 'uidetur
1009 3282 1353 3343 praetermitti
1548 3283 1610 3331 19
1649 3274 1722 3344 δὴ
1761 3282 1973 3365 scripci:
2014 3276 2076 3330 οἷ

160 3336 297 3403 ABV,
333 3361 421 3394 om.
456 3346 566 3395 MD
723 3342 988 3410 τέτταρες
1025 3348 1082 3397 Μ
1170 3364 1175 3368 ’
1246 3341 1535 3430 ἐγκίζουσι
1573 3349 1620 3397 V
1759 3350 1826 3398 20
1864 3344 2055 3432 εἷς]α

160 3405 192 3482 ἰ.ι
210 3422 250 3457 e.
282 3410 529 3488 πρῶτοςῗ
565 3413 822 3476 cf.18,1
864 3420 915 3463 et
950 3415 1033 3477 87,
1072 3417 1138 3465 20
1258 3432 1340 3464 απ
1401 3418 1672 3499 scriptoris
1707 3423 1785 3465 est
1909 3410 2070 3464 εἶπεν

162 3460 317 3598 &lg-m
250 3541 294 3591 D
354 3477 425 3543 β.,
464 3496 513 3533 ν.
537 3482 831 3530 coniecerat
866 3481 1210 3531 Boissonade
1325 3486 1386 3532 21
1430 3474 1537 3547 ἐγώ
1561 3484 1773 3545 scripsi:
1811 3472 1884 3539 ὦς
1907 3482 2072 3532 ABV.

163 3555 184 3584 Γ

1584 3631 1659 3682 6*
