2563 4087
61 7 341 45 rvss‘rff‘-'
357 7 406 16 f*

983 279 1132 329 vm.
1172 279 1208 330 i.
1250 281 1299 331 3.
2023 274 2106 337 99

177 419 480 507 ,,σαυρόν
517 416 640 485 οὐκ
676 416 1001 487 άποδίδει.
1080 418 1317 485 λοιπὸν
1357 423 1583 486 ἔλθετε
1619 419 1733 486 καὶ
1783 422 1854 484 οἰ
1897 432 2104 504 τρεῖς,

179 519 447 606 ,,καθώς
486 529 715 587 εἴπατε
750 519 825 587 τὸ
862 518 1009 587 κατ’
1050 514 1261 605 ἀρχάς
1284 572 1302 606 ,
1351 521 1466 587 καὶ
1505 516 1722 597 οὕτως
1767 517 1937 605 ὁμοῦ
1989 518 2104 584 καὶ

179 626 287 707 „oc
321 636 505 705 τρεῖς
540 620 616 688 τὸ
657 628 944 708 χρυσίον
982 619 1353 707 λήψεσθε.“
1426 623 1542 707 τῆς
1579 625 1752 706 γοῦν
1789 619 2100 706 τοιαύτης
2120 648 2238 695 μιρι
2253 648 2306 689 Β.

177 721 576 815 ἀποφάσεως
624 722 806 808 παρὰ
854 726 976 789 τοῦ
1016 723 1336 804 δικαστοῦ
1391 721 1795 808 ἐξελθούσης
1841 725 2105 799 δικαίας

179 821 337 909 ὁμοῦ
368 824 485 890 καὶ
514 821 1011 910 άναμφιβόλου,
1041 824 1156 890 καὶ
1184 826 1301 910 τῆς
1322 822 1650 906 γυναικὸς
1664 825 1894 910 μηκέτι
1922 822 2102 907 παρὰ
2131 852 2157 891 5

183 927 310 991 τῶν
348 924 481 991 δύο
517 924 935 1012 συρομένης,
976 925 1254 1011 ἐνόησεν
1292 921 1327 991 ὁ
1366 924 1649 1005 δικάζων
1701 921 1802 991 ὅτι
1854 922 1894 1009 ἡ
1932 923 2108 1008 γυνὴ

179 1024 349 1112 παρά
385 1051 566 1103 τινος
603 1033 946 1112 φρονίμου
993 1024 1118 1112 τὴν
1152 1022 1472 1109 τοιαύτην
1520 1022 1811 1110 ἤκουσεν
1849 1024 2104 1091 ἀπολο-

179 1133 349 1211 γίαν,
386 1127 503 1193 καὶ
541 1126 709 1211 πρὸς
748 1125 995 1195 ἑαυτὸν
1031 1125 1322 1205 καλέσας
1350 1123 1475 1212 τὴν
1511 1141 1806 1210 γυναῖκα
1840 1124 2102 1211 ἠρώτα·

185 1254 276 1311 ,,ω
314 1226 544 1313 γύναι,
580 1235 684 1305 τίς
722 1225 870 1295 εἶπέ
905 1249 1009 1296 σοι
1043 1226 1164 1295 τὸν
1199 1231 1510 1294 τοιοῦτον
1539 1224 1812 1315 άριστον
1841 1228 1954 1293 καὶ
1993 1250 2105 1292 πι-

187 1328 624 1412 ,,θανω’τατον
673 1328 969 1415 λόγον;“
1040 1325 1083 1414 ἢ
1137 1328 1213 1397 δὲ
1258 1327 1704 1415 ἀπεκρίνατο
1760 1317 1862 1412 ,,ὠ
1912 1326 2104 1410 κύριέ
2132 1359 2181 1398 ιο

185 1456 387 1515 ,,μου,
441 1434 715 1498 παιδίον
751 1429 1102 1509 πενταετες
1140 1429 1521 1517 συνήντησέ
1555 1455 1635 1516 με
1671 1430 1785 1496 καὶ
1822 1435 2105 1496 κλαίου-

185 1529 345 1614 „miv
398 1557 481 1617 με
539 1529 692 1598 ἰδόν
738 1532 853 1598 καὶ
901 1531 1203 1599 ἀκοῦσαν
1254 1528 1415 1618 παρ’
1460 1533 1623 1618 ἐμοῦ
1677 1530 1802 1616 τὴν
1851 1536 2106 1615 αἰτίαν,

187 1632 473 1718 ,,ταύτην
511 1629 656 1699 εἶπέ
692 1658 804 1717 μοι
836 1633 964 1717 τὴν
999 1631 1382 1718 ἀπολογίαν
1409 1629 1860 1718 ἀποκριθῆναι
1896 1637 1992 1708 εἰς
2028 1629 2104 1697 τό

191 1732 402 1818 ,,βῆμά
437 1730 634 1800 σου.“
709 1731 746 1799 ὁ
786 1731 862 1801 δὲ
898 1732 1171 1820 ἡγεμών
1207 1732 1455 1801 αὐτίκα
1493 1731 1663 1820 πρὸς
1704 1731 1948 1801 ἑαυτὸν
1984 1732 2105 1799 τὸν

190 1836 383 1899 παῖδα
421 1833 692 1901 ἐκάλεσε
740 1835 854 1901 καὶ
903 1832 1119 1904 αὐτὸν
1170 1833 1479 1921 ἐπηρώτα
1535 1833 1784 1918 λέγων·
1838 1832 2008 1919 ,,σύ,
2049 1822 2101 1898 ὦ
2132 1860 2180 1901 15

192 1933 555 2023 παιδάριον,
576 1938 657 2022 τῇ
682 1940 913 2022 γραΐδι
930 1936 1052 2003 τὸν
1072 1935 1281 2020 λόγον
1300 1939 1546 2003 τοῦτον
1568 1933 2019 2022 παρήγγειλας
2038 1932 2101 2013 ;“

194 2035 407 2119 ,,ναί,“
445 2037 655 2123 φησὶν
692 2034 728 2104 ὁ
769 2053 966 2123 παῖς,
1010 2036 1252 2123 ,,κυ’ριε’
1286 2035 1494 2124 μου.“
1565 2037 1679 2104 καὶ
1717 2034 1751 2102 ὁ
1791 2033 2104 2119 δικαστὴς

192 2137 525 2222 ἐκπλαγεὶς
565 2139 675 2206 ἐπὶ
712 2139 796 2224 τῇ
836 2141 958 2206 τοῦ
1013 2139 1254 2217 παιδὸς
1302 2137 1628 2226 φρονήσει
1673 2136 1788 2204 καὶ
1837 2135 2105 2222 ὀξύτητι

187 2240 294 2303 τοῦ
330 2238 485 2316 νοός
523 2237 737 2317 εὐθὺς
767 2238 979 2307 αὐτὸν
1017 2239 1428 2307 διδάσκαλον
1456 2238 1861 2326 προεβάλετο
1900 2236 2102 2325 ῥητό-

188 2362 313 2421 ρων
346 2341 457 2406 καὶ
495 2339 909 2426 φιλοσόφων.
2128 2367 2178 2408 20

303 2437 637 2508 ’Ἄκουσον
673 2442 787 2526 δέ,
840 2467 891 2508 ω
927 2441 1232 2510 θειότατε
1277 2445 1594 2528 βασιλεῦ,
1644 2442 1759 2508 καὶ
1795 2443 1913 2526 τῆς
1950 2441 2103 2527 περὶ

185 2542 296 2605 τοῦ
337 2543 618 2628 γηραιοῦ
657 2540 908 2629 ἀνδρὸς
956 2542 1340 2629 διηγήσεως.
1433 2539 1801 2631 άνθρωπός
1846 2567 1943 2618 τις
1990 2542 2302 2626 ἠν,ρ.ιεόΒ.

186 2663 251 2716 ος
286 2638 413 2727 εἶχε
448 2641 820 2728 συνήθειαν
868 2643 1461 2732 πραγματεύεσθαι
1509 2641 1677 2721 ξύλα
1713 2642 2098 2728 μυριστικά·

189 2732 255 2816 ὃς
299 2744 405 2810 καὶ
455 2741 702 2828 ἤκουσε
764 2745 944 2832 παρὰ
998 2743 1392 2832 ἀνθρώπων
1450 2740 1550 2810 ὅτι
1613 2743 1693 2811 τὰ
1744 2743 2099 2832 μυριστικόε

308 2922 336 2970 2
371 2918 659 2988 καταρχὰς
695 2923 838 2973 ABV
986 2926 1017 2973 5
1054 2915 1258 2989 μὴκέτι
1296 2926 1346 2973 V
1502 2924 1532 2972 6
1570 2915 1841 3003 ε’ννόησεν
1875 2924 1926 2971 V
2071 2926 2102 2973 8

189 2975 394 3116 θθθῖἷθέ)
418 2991 502 3119 ἴῃ
545 2984 1407 3120 15222⁶6225322232202“2F⁶“⁶
1427 2986 1908 3109 9A3Y³052322555
1930 2991 2105 3108 ἆθθθθ

189 3065 321 3171 {guz
356 3120 513 3189 κυριέ
548 3139 663 3187 μου
701 3126 778 3174 V.
815 3142 907 3176 om.
946 3125 1087 3188 (AB)
1127 3126 1306 3176 Boiss.
1515 3127 1574 3174 11
1612 3126 1930 3176 scribendum
1965 3141 2103 3176 πεν-

189 3228 365 3309 τάετες
398 3242 466 3303 ef.
503 3244 586 3301 92,
625 3243 656 3291 6
884 3238 1184 3306 συνήντισε
1221 3242 1363 3292 VAB
1607 3246 1668 3294 12
1704 3208 1846 3294 ἰδων
1883 3242 1933 3290 V

188 3293 418 3365 ἀκούσας
444 3308 613 3357 ABV·
653 3311 886 3359 eorreaez‘t
912 3309 1247 3360 Boissonade
1389 3311 1451 3359 16
1468 3303 1870 3389 παρήγγειλες
1894 3312 1941 3359 V
1964 3327 2102 3361 more

190 3375 514 3426 recentiorum.
553 3393 601 3424 u.
642 3370 892 3456 ἔγραφες
927 3378 1113 3438 72,17
1288 3379 1350 3427 19
1389 3370 1540 3444 νοὸς]
1578 3380 1694 3429 uide
1732 3380 1943 3428 indicem

191 3432 543 3505 διδάσκαλον]
581 3438 926 3527 καθηγητήν
958 3444 1030 3492 M.
1067 3445 1373 3508 suspicabar
1409 3442 1761 3511 διδασκαλίᾳ
1898 3446 1960 3492 21
2001 3440 2101 3507 τῆς

193 3502 309 3566 περὶ
342 3512 546 3586 scripsi,
587 3518 642 3558 ut
676 3519 752 3559 est
789 3516 838 3559 m
876 3512 958 3559 Μ·
1007 3507 1139 3573 περὶ
1176 3510 1277 3575 τῆς
1315 3512 1458 3564 ABV
1665 3515 1728 3561 24
1774 3501 2100 3574 ἇνθρωπων

194 3573 351 3622 τινῶν
382 3566 501 3625 ott?
538 3577 609 3637 cf.
645 3578 718 3625 D.
754 3576 912 3640 (Hdt.
954 3580 1003 3639 9,
1044 3578 1106 3626 16
1143 3577 1305 3641 extr.)

1616 3659 1692 3710 7*
