2563 4087
947 261 1092 312 v111.
1131 263 1168 310 i.
1205 264 1256 313 4.
1906 280 1911 284 ·
1939 264 2060 327 109

119 398 434 486 ,,ἔσται.“
518 401 687 488 πρὸς
744 403 959 468 ταῦτα
1019 400 1054 468 ό
1103 400 1594 488 μονόφθαλμος
1638 419 1840 490 μῖμος
1893 403 2062 473 ἀπε-
2082 434 2267 481 p.13613,

122 510 379 589 ,,κρίθη
418 503 514 591 τῷ
551 506 901 589 καθηγητῇ
922 519 935 532 ·
979 500 1176 587 ,,ἀλλ”
1211 500 1339 570 οὐκ
1371 505 1481 572 ἐπὶ
1509 504 1843 572 τοσοῦτόν
1882 508 2061 574 ἐστιν

125 601 207 688 ,,ὁ
248 609 545 689 ἔμπορος
583 602 905 689 πονηρός,
942 599 1112 672 ὥστε
1146 607 1424 673 τοιαῦτα
1460 604 1653 689 λόγια
1684 604 2056 694 ἀντιπαρα-

125 701 473 789 ,,θεῖναι.“
529 706 744 771 ταῦτα
781 701 962 773 οὕτω
990 704 1173 792 παρὰ
1207 709 1330 773 τοῦ
1360 710 1752 792 καθηγητοῦ
1782 710 1895 775 καὶ
1924 711 2063 775 τῶν

123 812 348 890 μίμων
399 806 874 892 λαληθέντων,
926 803 961 872 ὁ
1017 812 1307 894 ἔμπορος
1354 804 1645 893 ἠκροᾶτο
1692 807 1854 896 παρ’
1897 806 2062 897 ὅλην
2090 840 2113 877 5

129 905 247 991 τὴν
302 904 558 991 νύκτα,
608 905 975 991 φυλάττων
1032 905 1209 977 αὐτοὶ
1266 910 1350 999 ἐν
1388 910 1470 996 τῇ
1521 913 1771 998 καρδίᾳ
1824 909 2060 978 αὐτοῦ.

129 1014 387 1091 πρωίας
433 1005 510 1075 δὲ
559 1009 924 1094 γενομένης
977 1015 1421 1095 παραγίνεται
1467 1006 1504 1076 ὁ
1556 1015 1845 1096 ἔμπορος
1893 1012 2063 1100 πρὸς

130 1107 246 1174 τὸν
295 1105 730 1194 ἀγοράσαντα
779 1105 860 1176 τά
911 1108 1081 1188 ξύλα
1127 1114 1267 1177 τῶν
1316 1109 1693 1197 ἀρωμάτων
1741 1119 1862 1179 καί
1902 1134 2065 1199 φησι

132 1207 294 1294 πρὸς
333 1206 581 1276 αὐτόν’
622 1207 924 1296 ,,ἀπόδος
959 1237 1071 1296 μοι
1094 1261 1112 1296 ,
1149 1219 1333 1296 φίλε,
1368 1221 1437 1279 εἴ
1462 1239 1524 1279 τι
1564 1213 2062 1300 συνεβιβάσθη-

139 1337 304 1396 ,,μεν
340 1311 494 1397 περὶ
531 1312 653 1377 τοῦ
692 1311 980 1399 φόρτου,
1008 1301 1093 1379 οὗ
1130 1332 1205 1379 σε
1242 1311 1624 1400 ε’πσόλησα.“
1676 1310 1712 1381 ὁ
1750 1313 1827 1381 δὲ
1862 1328 2064 1401 μῖμος
2091 1344 2140 1381 ιο

138 1418 289 1498 ἔφη·
332 1410 685 1497 ,,ζήτησον,
721 1422 790 1481 εἰ
818 1438 880 1479 τι
911 1412 1168 1499 βούλει,
1195 1412 1382 1499 κάγώ
1416 1415 1696 1500 ἑτοίμως
1725 1413 2064 1483 ἀποδώσω

141 1511 352 1598 ,,σοι.“
423 1512 460 1580 ὁ
509 1511 586 1581 δὲ
638 1519 928 1601 ἔμπορος
978 1513 1375 1602 ἀποκριθεὶς
1422 1516 1629 1601 λέγει·
1684 1518 1911 1602 ,,θε’λω
1950 1520 2066 1583 ἵνα

142 1641 289 1700 ,,μοι
322 1614 551 1701 δείσῃς
589 1616 665 1682 ἐν
699 1618 873 1705 τῷδε
907 1617 1002 1704 τῷ
1041 1623 1273 1684 πίνακι
1325 1616 1590 1696 ψύλλας
1639 1615 1802 1696 ὅσας
1836 1633 2065 1705 χωρεῖ,

145 1714 306 1800 ,,ἀπ’
346 1714 578 1785 αὐτῶν
616 1713 690 1783 δὲ
739 1720 878 1783 τῶν
915 1715 1200 1793 φύλλων
1235 1718 1311 1784 τὸ
1355 1714 1558 1805 ἥμισυ
1595 1716 1841 1806 ἄρσεν,
1876 1719 1950 1786 τό
1989 1718 2065 1787 δὲ

147 1817 414 1900 ,,λοιπόν
450 1814 655 1903 ἥμισυ
692 1819 900 1903 θῆλυ,
938 1819 1052 1895 καὶ
1089 1817 1179 1904 μὴ
1216 1818 1432 1904 μόνον
1468 1820 1583 1887 καὶ
1608 1817 2061 1908 ύπομαύρους
2090 1849 2138 1887 15

147 1914 355 2000 ,,εἶναι
388 1918 507 1996 τὰς
546 1918 849 2004 ψύλλας,
886 1915 1058 1985 ἀλλά
1094 1921 1208 1986 καὶ
1247 1919 1779 2004 γλαυκοειδεῖς.“
1846 1918 2063 1999 οὕτως

145 2017 344 2086 εἰπών
394 2016 429 2086 ὁ
471 2022 891 2110 ἕμπορος“τῷ
927 2025 1111 2110 μίμῳ
1162 2024 1458 2107 ἰσχυρῶς
1507 2018 1811 2109 ’ὑπῆρχεν
1847 2019 2064 2107 ἀναγ-

144 2118 346 2200 κάζων
395 2119 610 2188 αὐτὸν
654 2122 769 2189 καὶ
816 2120 1200 2209 βιαζόμενος
1249 2121 1420 2189 κατά
1473 2122 1687 2208 πολύ,
1742 2124 1868 2202 ἕως
1904 2112 1986 2190 οὗ
2025 2122 2061 2190 ὁ

146 2234 333 2305 μῖμος
371 2226 577 2290 ἔδωκε
622 2225 716 2311 τῷ
758 2222 1028 2312 ἐμπόρῳ
1066 2230 1349 2314 πλείονα
1399 2222 1596 2311 τιμὴν
1643 2226 1762 2311 τῆς
1799 2229 2064 2302 δικαίας

150 2325 323 2407 τιμῆς
341 2326 478 2390 τῶν
507 2320 950 2408 ἀρωματικῶν
980 2322 1236 2404 ξύλων·
1264 2326 1379 2393 καὶ
1408 2325 1560 2393 τότε
1587 2324 1776 2412 μόλις
1803 2325 2063 2413 ἀφῆκεν
2090 2353 2141 2391 20

151 2418 350 2489 αὐτὸν
383 2428 501 2509 τῆς
537 2421 889 2510 ὀχλήσεως.
944 2423 1172 2512 εύρων
1207 2424 1285 2494 δὲ
1311 2428 1425 2495 καὶ
1453 2426 1616 2506 τοὺς
1652 2424 1903 2505 αλλους
1932 2426 2201 2500 δύομιω
2214 2453 2265 2492 Β.

153 2528 415 2609 μίμους,
468 2527 564 2614 τῷ
613 2524 735 2591 τὸν
782 2523 1148 2612 ὀφθαλμὸν
1198 2525 1415 2595 αὐτοῦ
1464 2532 1771 2614 ζητοῦντι
1815 2529 1929 2595 καὶ
1967 2528 2062 2616 τῷ

154 2620 265 2705 τὴν
317 2617 671 2693 θάλασσαν
735 2628 990 2694 ἐκπιεῖν
1054 2629 1483 2715 ἐπιτρέψαντι
1542 2626 1764 2718 αὐτῷ,
1838 2633 2066 2713 ἔπνιγε

157 2727 310 2805 γοῦν
356 2724 607 2806 αὐτους
655 2725 1048 2812 ἀναγκάζων
1097 2731 1365 2815 ποιῆσαι
1417 2725 1543 2797 ὅσα
1590 2736 1904 2816 κρυφίως
1938 2731 2062 2796 τοῦ

159 2825 547 2897 διδασκάλου
595 2825 828 2895 αὐτῶν
879 2831 1193 2914 λέγοντος
1253 2828 1490 2908 αὐτοῖς
1539 2827 1901 2919 (ἠκηκόει),
1950 2832 2063 2898 καὶ
2092 2856 2141 2897 25

276 3024 307 3069 4
338 3021 458 3088 καὶ]
499 3015 646 3073 κατὰ
685 3024 734 3073 D
856 3026 886 3073 6
925 3014 1100 3091 αὐτὰ]
1141 3018 1325 3077 ταῦτα
1361 3025 1465 3088 V(
1451 3025 1557 3105 (M)
1666 3029 1696 3077 7
1732 3023 1879 3090 πρωὶ
1915 3028 1963 3075 V

166 3084 218 3134 13
251 3084 355 3155 δῷς
390 3090 444 3142 Μ
588 3092 651 3140 15
687 3082 1058 3157 ὖπόμαυρους
1097 3093 1192 3142 BV
1332 3095 1393 3142 19
1430 3088 1585 3175 τιμὴ
1601 3093 1650 3142 V
1795 3096 1862 3144 20
1897 3090 2066 3159 τιμῆς

163 3167 247 3201 mm
278 3166 350 3205 est
380 3159 644 3207 delendum
781 3160 841 3207 21
882 3152 1135 3238 ἐντυχών
1172 3158 1236 3211 δὲ
1274 3156 1375 3210 καὶ
1399 3164 1520 3219 τοῖς
1555 3153 1843 3225 ἑτέροιςδ
1807 3157 1939 3211 δυσὶ
1975 3160 2066 3238 μί-

163 3232 272 3294 μοις
304 3224 373 3274 M.
412 3227 584 3291 itaque
620 3232 709 3275 aut
742 3241 1063 3307 περιτυχων
1100 3268 1112 3280 .
1135 3271 1145 3281 .
1185 3232 1306 3286 τοῖς
1331 3223 1531 3286 ἄλλοις
1556 3227 1608 3283 δ.
1634 3228 1830 3294 μίμοις
1855 3235 1944 3278 aut
1967 3223 2065 3278 τὸν

164 3278 249 3335 τὸν
289 3281 334 3343 ὁ.
379 3308 433 3340 α.
472 3291 753 3356 ζητοῦντα
799 3291 900 3344 καὶ
945 3292 1049 3344 τὸν
1095 3312 1140 3345 τ.
1180 3296 1243 3346 θ.
1294 3288 1338 3346 ἕ.
1388 3288 1782 3359 ἐπιτρέψαντα
1814 3297 2066 3360 seriptum

164 3358 420 3430 oportebat.
466 3361 564 3409 sed
605 3363 772 3410 nescio
818 3378 885 3410 cm
930 3365 975 3411 is
1022 3365 1108 3428 qui
1141 3364 1318 3413 libr-um
1351 3365 1675 3426 recensebat,
1711 3371 1767 3413 ut
1800 3363 2066 3425 repetitum

165 3411 250 3470 τὸν
282 3428 489 3486 uitaret,
528 3428 895 3490 adpo-§itionem
937 3431 1123 3492 falsam
1165 3433 1456 3480 admiserit.
1503 3434 1627 3483 talia
1673 3432 1800 3480 enim
1845 3446 1907 3476 ar
1909 3431 2065 3490 tificia

164 3492 281 3549 apud
313 3492 555 3543 MalaIam
590 3502 641 3542 et
677 3496 866 3545 Ducam
900 3498 1040 3547 haud
1071 3514 1241 3574 pauca
1275 3505 1355 3548 est
1388 3499 1566 3548 uidere
1742 3499 1808 3545 25
1854 3487 2064 3560 ἤκουσε

164 3556 401 3609 adiecerat
434 3560 772 3612 Boissonade
812 3560 922 3625 (D).
964 3556 1201 3629 ἠκηκόει
1238 3581 1332 3630 eqo
1369 3581 1439 3615 ea:
1473 3565 1532 3613 M
