<?xml version="1.0" encoding="UTF-8"?>
<!DOCTYPE html PUBLIC "-//W3C//DTD XHTML 1.0 Transitional//EN"
    "http://www.w3.org/TR/xhtml1/DTD/xhtml1-transitional.dtd">
<html xmlns="http://www.w3.org/1999/xhtml" xml:lang="en" lang="en">
 <head>
  <title>
</title>
<meta http-equiv="Content-Type" content="text/html;charset=utf-8" />
  <meta name='ocr-system' content='tesseract 3.04.00' />
  <meta name='ocr-capabilities' content='ocr_page ocr_carea ocr_par ocr_line ocrx_word'/>
</head>
<body>
  <div class='ocr_page' id='page_1' title='image "./fabulaeromanens00aphtgoog_0287.png"; bbox 0 0 2563 4087; ppageno 0'>
   <div class='ocr_carea' id='block_1_1' title="bbox 1095 267 2220 357">
    <p class='ocr_par' dir='ltr' id='par_1_1' title="bbox 1095 267 2220 357">
     <span class='ocr_line' id='line_1_1' title="bbox 1095 267 2220 357; baseline 0.014 -41"><span class='ocrx_word' id='word_1_1' title='bbox 1095 267 1344 333; x_wconf 81' lang='lat' dir='ltr'>Aesopus</span> <span class='ocrx_word' id='word_1_2' title='bbox 1379 268 1408 318; x_wconf 96' lang='lat' dir='ltr'>I</span> <span class='ocrx_word' id='word_1_3' title='bbox 1493 346 1508 357; x_wconf 26' lang='grc' dir='ltr'>κ</span> <span class='ocrx_word' id='word_1_4' title='bbox 2096 268 2220 332; x_wconf 80' lang='grc'><strong><em>271</em></strong></span> 
     </span>
    </p>
   </div>
   <div class='ocr_carea' id='block_1_2' title="bbox 270 420 2415 2241">
    <p class='ocr_par' dir='ltr' id='par_1_2' title="bbox 270 420 2415 2241">
     <span class='ocr_line' id='line_1_2' title="bbox 271 420 2219 514; baseline 0.002 -22"><span class='ocrx_word' id='word_1_5' title='bbox 271 420 462 492; x_wconf 78' lang='grc' dir='ltr'><strong><em>οὕτω</em></strong></span> <span class='ocrx_word' id='word_1_6' title='bbox 491 422 788 510; x_wconf 75' lang='grc' dir='ltr'><strong><em>φράσον·</em></strong></span> <span class='ocrx_word' id='word_1_7' title='bbox 830 420 1128 511; x_wconf 76' lang='grc' dir='ltr'><strong><em>,,ἄνδρες</em></strong></span> <span class='ocrx_word' id='word_1_8' title='bbox 1165 423 1440 511; x_wconf 80' lang='grc' dir='ltr'><em>Σάμιοι,</em></span> <span class='ocrx_word' id='word_1_9' title='bbox 1482 433 1622 494; x_wconf 80' lang='grc' dir='ltr'><strong><em>ἴστε</em></strong></span> <span class='ocrx_word' id='word_1_10' title='bbox 1656 426 1771 493; x_wconf 84' lang='grc' dir='ltr'><strong><em>καὶ</em></strong></span> <span class='ocrx_word' id='word_1_11' title='bbox 1807 424 2004 514; x_wconf 79' lang='grc' dir='ltr'><strong><em>ὑμεῖς</em></strong></span> <span class='ocrx_word' id='word_1_12' title='bbox 2039 425 2219 496; x_wconf 81' lang='grc' dir='ltr'><strong><em>πάν-</em></strong></span> 
     </span>
     <span class='ocr_line' id='line_1_3' title="bbox 272 521 2220 614; baseline 0.002 -22"><span class='ocrx_word' id='word_1_13' title='bbox 272 550 412 603; x_wconf 85' lang='grc' dir='ltr'><strong><em>τως</em></strong></span> <span class='ocrx_word' id='word_1_14' title='bbox 449 531 808 605; x_wconf 81' lang='grc' dir='ltr'><strong><em>πλείστους</em></strong></span> <span class='ocrx_word' id='word_1_15' title='bbox 846 521 1051 605; x_wconf 82' lang='grc' dir='ltr'><em>ὅσους</em></span> <span class='ocrx_word' id='word_1_16' title='bbox 1088 523 1435 613; x_wconf 76' lang='grc' dir='ltr'><strong><em>ποταμοὺς</em></strong></span> <span class='ocrx_word' id='word_1_17' title='bbox 1474 523 1927 614; x_wconf 62' lang='grc' dir='ltr'><strong><em>ἐπιβάλλοντας</em></strong></span> <span class='ocrx_word' id='word_1_18' title='bbox 1964 533 2061 606; x_wconf 85' lang='grc' dir='ltr'><strong><em>εἰς</em></strong></span> <span class='ocrx_word' id='word_1_19' title='bbox 2094 528 2220 614; x_wconf 89' lang='grc' dir='ltr'><strong><em>τὴν</em></strong></span> 
     </span>
     <span class='ocr_line' id='line_1_4' title="bbox 270 622 2220 716; baseline 0.002 -22"><span class='ocrx_word' id='word_1_20' title='bbox 270 622 648 694; x_wconf 78' lang='grc' dir='ltr'><strong><em>θάλατταν.</em></strong></span> <span class='ocrx_word' id='word_1_21' title='bbox 724 625 856 711; x_wconf 74' lang='grc' dir='ltr'><strong><em>ἐγώ</em></strong></span> <span class='ocrx_word' id='word_1_22' title='bbox 905 625 981 695; x_wconf 75' lang='grc' dir='ltr'><strong><em>δὲ</em></strong></span> <span class='ocrx_word' id='word_1_23' title='bbox 1018 627 1406 714; x_wconf 81' lang='grc' dir='ltr'><strong><em>συνεθέμην</em></strong></span> <span class='ocrx_word' id='word_1_24' title='bbox 1452 627 1670 716; x_wconf 90' lang='grc' dir='ltr'><strong><em>μόνην</em></strong></span> <span class='ocrx_word' id='word_1_25' title='bbox 1714 627 1838 715; x_wconf 90' lang='grc' dir='ltr'><strong><em>τὴν</em></strong></span> <span class='ocrx_word' id='word_1_26' title='bbox 1870 628 2220 697; x_wconf 82' lang='grc' dir='ltr'><strong><em>θάλατταν</em></strong></span> 
     </span>
     <span class='ocr_line' id='line_1_5' title="bbox 277 724 2218 816; baseline 0.001 -19"><span class='ocrx_word' id='word_1_27' title='bbox 277 730 567 813; x_wconf 80' lang='grc' dir='ltr'><strong><em>ἐκπιεῖν,</em></strong></span> <span class='ocrx_word' id='word_1_28' title='bbox 617 724 700 795; x_wconf 71' lang='grc' dir='ltr'><strong><em>οὔ</em></strong></span> <span class='ocrx_word' id='word_1_29' title='bbox 741 727 878 816; x_wconf 84' lang='grc' dir='ltr'><strong><em>μὴν</em></strong></span> <span class='ocrx_word' id='word_1_30' title='bbox 912 729 1028 795; x_wconf 85' lang='grc' dir='ltr'><strong><em>καὶ</em></strong></span> <span class='ocrx_word' id='word_1_31' title='bbox 1075 724 1239 807; x_wconf 75' lang='grc' dir='ltr'><strong><em>τούς</em></strong></span> <span class='ocrx_word' id='word_1_32' title='bbox 1279 727 1576 809; x_wconf 80' lang='grc' dir='ltr'><strong><em>ἐξιόντας</em></strong></span> <span class='ocrx_word' id='word_1_33' title='bbox 1615 736 1716 808; x_wconf 79' lang='grc' dir='ltr'><strong><em>εἰς</em></strong></span> <span class='ocrx_word' id='word_1_34' title='bbox 1751 727 1970 816; x_wconf 75' lang='grc' dir='ltr'><strong><em>αὐτὴν</em></strong></span> <span class='ocrx_word' id='word_1_35' title='bbox 2008 755 2218 799; x_wconf 87' lang='grc' dir='ltr'><strong><em>ποτα-</em></strong></span> 
     </span>
     <span class='ocr_line' id='line_1_6' title="bbox 272 818 2268 919; baseline 0 -22"><span class='ocrx_word' id='word_1_36' title='bbox 272 828 472 916; x_wconf 76' lang='grc' dir='ltr'><strong><em>μούς.</em></strong></span> <span class='ocrx_word' id='word_1_37' title='bbox 548 818 748 909; x_wconf 78' lang='grc' dir='ltr'><strong><em>οὗτος</em></strong></span> <span class='ocrx_word' id='word_1_38' title='bbox 796 819 927 897; x_wconf 79' lang='grc' dir='ltr'><strong><em>οὖν</em></strong></span> <span class='ocrx_word' id='word_1_39' title='bbox 963 828 1002 897; x_wconf 84' lang='grc' dir='ltr'><strong><em>ό</em></strong></span> <span class='ocrx_word' id='word_1_40' title='bbox 1041 827 1477 915; x_wconf 74' lang='grc' dir='ltr'><strong><em>σχολαστικὸς</em></strong></span> <span class='ocrx_word' id='word_1_41' title='bbox 1526 827 1850 900; x_wconf 68' lang='grc' dir='ltr'><strong><em>ἀπελθών</em></strong></span> <span class='ocrx_word' id='word_1_42' title='bbox 1887 830 2218 919; x_wconf 75' lang='grc' dir='ltr'><strong><em>πρότερον</em></strong></span> <span class='ocrx_word' id='word_1_43' title='bbox 2242 858 2268 897; x_wconf 90' lang='lat'>5</span> 
     </span>
     <span class='ocr_line' id='line_1_7' title="bbox 276 927 2217 1018; baseline 0.001 -18"><span class='ocrx_word' id='word_1_44' title='bbox 276 930 604 1016; x_wconf 81' lang='grc' dir='ltr'><strong><em>ἐπισχέτω</em></strong></span> <span class='ocrx_word' id='word_1_45' title='bbox 655 929 818 1010; x_wconf 81' lang='grc' dir='ltr'><strong><em>τούς</em></strong></span> <span class='ocrx_word' id='word_1_46' title='bbox 885 929 1234 1017; x_wconf 80' lang='grc' dir='ltr'><strong><em>ποταμούς</em></strong></span> <span class='ocrx_word' id='word_1_47' title='bbox 1287 927 1644 1018; x_wconf 80' lang='grc' dir='ltr'><strong><em>ἅπαντας,.</em></strong></span> <span class='ocrx_word' id='word_1_48' title='bbox 1681 930 1823 1000; x_wconf 83' lang='grc' dir='ltr'><strong><em>εἶτα</em></strong></span> <span class='ocrx_word' id='word_1_49' title='bbox 1876 930 1939 1000; x_wconf 87' lang='grc' dir='ltr'><strong><em>δ’</em></strong></span> <span class='ocrx_word' id='word_1_50' title='bbox 1998 930 2217 1012; x_wconf 73' lang='grc' dir='ltr'><strong><em>εὐθύς</em></strong></span> 
     </span>
     <span class='ocr_line' id='line_1_8' title="bbox 277 1030 2217 1120; baseline 0.001 -19"><span class='ocrx_word' id='word_1_51' title='bbox 277 1030 415 1118; x_wconf 77' lang='grc' dir='ltr'><strong><em>ἐγώ</em></strong></span> <span class='ocrx_word' id='word_1_52' title='bbox 459 1030 584 1118; x_wconf 87' lang='grc' dir='ltr'><strong><em>τὴν</em></strong></span> <span class='ocrx_word' id='word_1_53' title='bbox 632 1030 984 1100; x_wconf 79' lang='grc' dir='ltr'><strong><em>θάλατταν</em></strong></span> <span class='ocrx_word' id='word_1_54' title='bbox 1031 1031 1249 1119; x_wconf 89' lang='grc' dir='ltr'><strong><em>μόνην</em></strong></span> <span class='ocrx_word' id='word_1_55' title='bbox 1304 1030 1686 1120; x_wconf 82' lang='grc' dir='ltr'><strong><em>ἑκπίομαι.“</em></strong></span> <span class='ocrx_word' id='word_1_56' title='bbox 1759 1031 1795 1100; x_wconf 87' lang='grc' dir='ltr'>ὁ</span> <span class='ocrx_word' id='word_1_57' title='bbox 1832 1032 1909 1102; x_wconf 76' lang='grc' dir='ltr'><strong><em>δὲ</em></strong></span> <span class='ocrx_word' id='word_1_58' title='bbox 1944 1034 2217 1112; x_wconf 74' lang='grc' dir='ltr'><strong><em>Ξάνθος</em></strong></span> 
     </span>
     <span class='ocr_line' id='line_1_9' title="bbox 271 1130 2217 1221; baseline 0.001 -19"><span class='ocrx_word' id='word_1_59' title='bbox 271 1131 402 1221; x_wconf 81' lang='grc' dir='ltr'><strong><em>τὴν</em></strong></span> <span class='ocrx_word' id='word_1_60' title='bbox 449 1134 835 1220; x_wconf 79' lang='grc' dir='ltr'><strong><em>μέλλουσαν</em></strong></span> <span class='ocrx_word' id='word_1_61' title='bbox 887 1135 961 1201; x_wconf 80' lang='grc' dir='ltr'><strong><em>ἐκ</em></strong></span> <span class='ocrx_word' id='word_1_62' title='bbox 1022 1133 1271 1202; x_wconf 79' lang='grc' dir='ltr'><strong><em>τούτου</em></strong></span> <span class='ocrx_word' id='word_1_63' title='bbox 1327 1137 1446 1220; x_wconf 85' lang='grc' dir='ltr'><strong><em>τῆς</em></strong></span> <span class='ocrx_word' id='word_1_64' title='bbox 1493 1130 1843 1221; x_wconf 75' lang='grc' dir='ltr'><strong><em>συνθήκης</em></strong></span> <span class='ocrx_word' id='word_1_65' title='bbox 1905 1133 2217 1203; x_wconf 76' lang='grc' dir='ltr'><strong><em>διάλυσιν</em></strong></span> 
     </span>
     <span class='ocr_line' id='line_1_10' title="bbox 278 1231 2216 1324; baseline -0.001 -20"><span class='ocrx_word' id='word_1_66' title='bbox 278 1241 555 1304; x_wconf 84' lang='grc' dir='ltr'><strong><em>ἔσεσθαι</em></strong></span> <span class='ocrx_word' id='word_1_67' title='bbox 587 1233 826 1320; x_wconf 72' lang='grc' dir='ltr'><strong><em>γνούς,</em></strong></span> <span class='ocrx_word' id='word_1_68' title='bbox 876 1231 1254 1322; x_wconf 75' lang='grc' dir='ltr'><strong><em>ὑπερήσθη.</em></strong></span> <span class='ocrx_word' id='word_1_69' title='bbox 1328 1238 1450 1304; x_wconf 83' lang='grc' dir='ltr'><strong><em>τοῦ</em></strong></span> <span class='ocrx_word' id='word_1_70' title='bbox 1501 1234 1719 1323; x_wconf 74' lang='grc' dir='ltr'><strong><em>δήμου</em></strong></span> <span class='ocrx_word' id='word_1_71' title='bbox 1756 1241 1998 1304; x_wconf 89' lang='grc' dir='ltr'><strong><em>τοίνυν</em></strong></span> <span class='ocrx_word' id='word_1_72' title='bbox 2035 1236 2216 1324; x_wconf 80' lang='grc' dir='ltr'><strong><em>παρὰ</em></strong></span> 
     </span>
     <span class='ocr_line' id='line_1_11' title="bbox 271 1334 2293 1425; baseline -0.001 -19"><span class='ocrx_word' id='word_1_73' title='bbox 271 1336 400 1406; x_wconf 87' lang='grc' dir='ltr'><strong><em>τὸν</em></strong></span> <span class='ocrx_word' id='word_1_74' title='bbox 451 1335 768 1421; x_wconf 79' lang='grc' dir='ltr'><strong><em>αἰγιαλὸν</em></strong></span> <span class='ocrx_word' id='word_1_75' title='bbox 816 1334 1322 1424; x_wconf 76' lang='grc' dir='ltr'><strong><em>συρρεύσαντος</em></strong></span> <span class='ocrx_word' id='word_1_76' title='bbox 1374 1336 1485 1405; x_wconf 81' lang='grc' dir='ltr'><strong><em>ἐπὶ</em></strong></span> <span class='ocrx_word' id='word_1_77' title='bbox 1519 1337 1695 1405; x_wconf 85' lang='grc' dir='ltr'><strong><em>θέαν</em></strong></span> <span class='ocrx_word' id='word_1_78' title='bbox 1738 1338 1861 1405; x_wconf 87' lang='grc' dir='ltr'><strong><em>τοῦ</em></strong></span> <span class='ocrx_word' id='word_1_79' title='bbox 1897 1336 2215 1425; x_wconf 81' lang='grc' dir='ltr'><strong><em>πραχθή-</em></strong></span> <span class='ocrx_word' id='word_1_80' title='bbox 2242 1365 2293 1404; x_wconf 78' lang='grc' dir='ltr'><strong><em>ιο</em></strong></span> 
     </span>
     <span class='ocr_line' id='line_1_12' title="bbox 274 1436 2216 1525; baseline 0 -18"><span class='ocrx_word' id='word_1_81' title='bbox 274 1447 519 1507; x_wconf 86' lang='grc' dir='ltr'><strong><em>σεσθαι</em></strong></span> <span class='ocrx_word' id='word_1_82' title='bbox 563 1439 952 1525; x_wconf 82' lang='grc' dir='ltr'><strong><em>μέλλοντος,</em></strong></span> <span class='ocrx_word' id='word_1_83' title='bbox 1001 1438 1117 1505; x_wconf 82' lang='grc' dir='ltr'><strong><em>καὶ</em></strong></span> <span class='ocrx_word' id='word_1_84' title='bbox 1163 1440 1288 1505; x_wconf 84' lang='grc' dir='ltr'><strong><em>τοῦ</em></strong></span> <span class='ocrx_word' id='word_1_85' title='bbox 1327 1438 1610 1517; x_wconf 76' lang='grc' dir='ltr'><strong><em>Ξάνθου</em></strong></span> <span class='ocrx_word' id='word_1_86' title='bbox 1657 1436 1827 1506; x_wconf 77' lang='grc' dir='ltr'><strong><em>κατὰ</em></strong></span> <span class='ocrx_word' id='word_1_87' title='bbox 1863 1438 1946 1506; x_wconf 80' lang='grc' dir='ltr'><strong><em>τὰ</em></strong></span> <span class='ocrx_word' id='word_1_88' title='bbox 1981 1442 2216 1525; x_wconf 82' lang='grc' dir='ltr'><strong><em>διδαχ-</em></strong></span> 
     </span>
     <span class='ocr_line' id='line_1_13' title="bbox 271 1537 2215 1628; baseline -0.001 -20"><span class='ocrx_word' id='word_1_89' title='bbox 271 1541 489 1609; x_wconf 81' lang='grc' dir='ltr'><strong><em>θέντα</em></strong></span> <span class='ocrx_word' id='word_1_90' title='bbox 537 1537 708 1626; x_wconf 76' lang='grc' dir='ltr'><strong><em>ποός</em></strong></span> <span class='ocrx_word' id='word_1_91' title='bbox 756 1543 883 1607; x_wconf 86' lang='grc' dir='ltr'><strong><em>τοῦ</em></strong></span> <span class='ocrx_word' id='word_1_92' title='bbox 918 1537 1253 1608; x_wconf 77' lang='grc' dir='ltr'><strong><em>Αἰσεόπου</em></strong></span> <span class='ocrx_word' id='word_1_93' title='bbox 1290 1539 1668 1628; x_wconf 77' lang='grc' dir='ltr'><strong><em>δράσαντος</em></strong></span> <span class='ocrx_word' id='word_1_94' title='bbox 1718 1538 2215 1628; x_wconf 22' lang='grc' dir='ltr'><strong><em>καὶ-εἰπόντος,</em></strong></span> 
     </span>
     <span class='ocr_line' id='line_1_14' title="bbox 278 1637 2216 1729; baseline 0.001 -20"><span class='ocrx_word' id='word_1_95' title='bbox 278 1646 358 1709; x_wconf 78' lang='grc' dir='ltr'><strong><em>οἱ</em></strong></span> <span class='ocrx_word' id='word_1_96' title='bbox 388 1640 638 1727; x_wconf 84' lang='grc' dir='ltr'><strong><em>Σάμιοι</em></strong></span> <span class='ocrx_word' id='word_1_97' title='bbox 685 1637 1067 1728; x_wconf 77' lang='grc' dir='ltr'><strong><em>ἀνεβόησαν</em></strong></span> <span class='ocrx_word' id='word_1_98' title='bbox 1113 1637 1582 1729; x_wconf 77' lang='grc' dir='ltr'><strong><em>εὐφημοῦντες</em></strong></span> <span class='ocrx_word' id='word_1_99' title='bbox 1630 1638 1854 1710; x_wconf 77' lang='grc' dir='ltr'><strong><em>αὐτὸν·</em></strong></span> <span class='ocrx_word' id='word_1_100' title='bbox 1881 1643 1995 1710; x_wconf 87' lang='grc' dir='ltr'><strong><em>καὶ</em></strong></span> <span class='ocrx_word' id='word_1_101' title='bbox 2031 1652 2216 1710; x_wconf 77' lang='grc' dir='ltr'><strong><em>θαυ·</em></strong></span> 
     </span>
     <span class='ocr_line' id='line_1_15' title="bbox 272 1738 2215 1831; baseline 0 -21"><span class='ocrx_word' id='word_1_102' title='bbox 272 1741 612 1831; x_wconf 79' lang='grc' dir='ltr'><strong><em>μάζοντες.</em></strong></span> <span class='ocrx_word' id='word_1_103' title='bbox 700 1738 736 1810; x_wconf 83' lang='grc' dir='ltr'>ὁ</span> <span class='ocrx_word' id='word_1_104' title='bbox 786 1740 864 1810; x_wconf 72' lang='grc' dir='ltr'><strong><em>δὲ</em></strong></span> <span class='ocrx_word' id='word_1_105' title='bbox 913 1742 1349 1827; x_wconf 78' lang='grc' dir='ltr'><strong><em>σχολαστικὸς</em></strong></span> <span class='ocrx_word' id='word_1_106' title='bbox 1398 1743 1802 1831; x_wconf 74' lang='grc' dir='ltr'><strong><em>προσπεσών</em></strong></span> <span class='ocrx_word' id='word_1_107' title='bbox 1847 1745 2215 1831; x_wconf 85' lang='grc' dir='ltr'><strong><em>τηνικαῦτα</em></strong></span> 
     </span>
     <span class='ocr_line' id='line_1_16' title="bbox 271 1842 2290 1935; baseline -0.002 -22"><span class='ocrx_word' id='word_1_108' title='bbox 271 1848 375 1935; x_wconf 74' lang='grc' dir='ltr'><strong><em>τῷ</em></strong></span> <span class='ocrx_word' id='word_1_109' title='bbox 410 1843 690 1934; x_wconf 75' lang='grc' dir='ltr'><strong><em>Ξάνθῳ,</em></strong></span> <span class='ocrx_word' id='word_1_110' title='bbox 726 1844 1132 1929; x_wconf 83' lang='grc' dir='ltr'><strong><em>νενικῆσθαί</em></strong></span> <span class='ocrx_word' id='word_1_111' title='bbox 1165 1869 1236 1911; x_wconf 83' lang='grc' dir='ltr'><strong><em>τε</em></strong></span> <span class='ocrx_word' id='word_1_112' title='bbox 1276 1842 1607 1932; x_wconf 64' lang='grc' dir='ltr'><strong><em>ὡμολόγει</em></strong></span> <span class='ocrx_word' id='word_1_113' title='bbox 1640 1846 1754 1913; x_wconf 83' lang='grc' dir='ltr'><strong><em>καὶ</em></strong></span> <span class='ocrx_word' id='word_1_114' title='bbox 1790 1843 1910 1925; x_wconf 80' lang='grc' dir='ltr'><strong><em>τὰς</em></strong></span> <span class='ocrx_word' id='word_1_115' title='bbox 1947 1844 2211 1931; x_wconf 83' lang='grc' dir='ltr'><strong><em>συνθή-</em></strong></span> <span class='ocrx_word' id='word_1_116' title='bbox 2241 1870 2290 1910; x_wconf 83' lang='lat'><strong><em>15</em></strong></span> 
     </span>
     <span class='ocr_line' id='line_1_17' title="bbox 272 1939 2214 2033; baseline -0.001 -19"><span class='ocrx_word' id='word_1_117' title='bbox 272 1972 401 2026; x_wconf 80' lang='grc' dir='ltr'><strong><em>κας</em></strong></span> <span class='ocrx_word' id='word_1_118' title='bbox 432 1948 646 2015; x_wconf 73' lang='grc' dir='ltr'><strong><em>ἐδεῖτο</em></strong></span> <span class='ocrx_word' id='word_1_119' title='bbox 671 1948 902 2013; x_wconf 81' lang='grc' dir='ltr'><strong><em>λῦσαι·</em></strong></span> <span class='ocrx_word' id='word_1_120' title='bbox 942 1939 978 2012; x_wconf 81' lang='grc' dir='ltr'>ὃ</span> <span class='ocrx_word' id='word_1_121' title='bbox 1006 1943 1120 2012; x_wconf 83' lang='grc' dir='ltr'><strong><em>καὶ</em></strong></span> <span class='ocrx_word' id='word_1_122' title='bbox 1148 1953 1472 2033; x_wconf 84' lang='grc' dir='ltr'><strong><em>πεποίηκε</em></strong></span> <span class='ocrx_word' id='word_1_123' title='bbox 1497 1943 1771 2025; x_wconf 78' lang='grc' dir='ltr'><strong><em>Ξάνθος</em></strong></span> <span class='ocrx_word' id='word_1_124' title='bbox 1798 1949 2214 2014; x_wconf 52' lang='grc' dir='ltr'><strong><em>δυσωποῦν*</em></strong></span> 
     </span>
     <span class='ocr_line' id='line_1_18' title="bbox 272 2042 2415 2135; baseline -0.001 -17"><span class='ocrx_word' id='word_1_125' title='bbox 272 2075 390 2129; x_wconf 81' lang='grc' dir='ltr'><strong><em>τος</em></strong></span> <span class='ocrx_word' id='word_1_126' title='bbox 426 2052 552 2117; x_wconf 79' lang='grc' dir='ltr'><strong><em>τοῦ</em></strong></span> <span class='ocrx_word' id='word_1_127' title='bbox 588 2042 829 2135; x_wconf 83' lang='grc' dir='ltr'><strong><em>δήμου.</em></strong></span> <span class='ocrx_word' id='word_1_128' title='bbox 895 2043 1359 2134; x_wconf 74' lang='grc' dir='ltr'><strong><em>Ἀφικομένων</em></strong></span> <span class='ocrx_word' id='word_1_129' title='bbox 1405 2045 1470 2116; x_wconf 89' lang='grc' dir='ltr'><strong><em>δ’</em></strong></span> <span class='ocrx_word' id='word_1_130' title='bbox 1528 2046 1761 2117; x_wconf 77' lang='grc' dir='ltr'><strong><em>αὐτῶν</em></strong></span> <span class='ocrx_word' id='word_1_131' title='bbox 1796 2054 1895 2126; x_wconf 79' lang='grc' dir='ltr'><strong><em>εἰς</em></strong></span> <span class='ocrx_word' id='word_1_132' title='bbox 1941 2045 2064 2134; x_wconf 87' lang='grc' dir='ltr'><strong><em>τὴν</em></strong></span> <span class='ocrx_word' id='word_1_133' title='bbox 2101 2053 2206 2116; x_wconf 69' lang='lat' dir='ltr'><strong><em>ol·-</em></strong></span> <span class='ocrx_word' id='word_1_134' title='bbox 2228 2073 2415 2127; x_wconf 75' lang='lat' dir='ltr'><strong>XVIII</strong></span> 
     </span>
     <span class='ocr_line' id='line_1_19' title="bbox 272 2147 2213 2241; baseline -0.001 -23"><span class='ocrx_word' id='word_1_135' title='bbox 272 2158 463 2237; x_wconf 84' lang='grc' dir='ltr'><strong><em>κίαν,</em></strong></span> <span class='ocrx_word' id='word_1_136' title='bbox 524 2157 845 2228; x_wconf 74' lang='grc' dir='ltr'><strong><em>Αἴσωπος</em></strong></span> <span class='ocrx_word' id='word_1_137' title='bbox 907 2148 1310 2236; x_wconf 74' lang='grc' dir='ltr'><strong><em>προσελθὼν</em></strong></span> <span class='ocrx_word' id='word_1_138' title='bbox 1362 2151 1458 2238; x_wconf 76' lang='grc' dir='ltr'><strong><em>τῷ</em></strong></span> <span class='ocrx_word' id='word_1_139' title='bbox 1512 2149 1765 2241; x_wconf 76' lang='grc' dir='ltr'><strong><em>Ξάνθῳ</em></strong></span> <span class='ocrx_word' id='word_1_140' title='bbox 1821 2155 2059 2236; x_wconf 87' lang='grc' dir='ltr'><strong><em>φησίν·</em></strong></span> <span class='ocrx_word' id='word_1_141' title='bbox 2127 2147 2213 2236; x_wconf 87' lang='grc' dir='ltr'><strong><em>,,ὁ</em></strong></span> 
     </span>
    </p>
   </div>
   <div class='ocr_carea' id='block_1_3' title="bbox 417 2366 2211 2505">
    <p class='ocr_par' dir='ltr' id='par_1_3' title="bbox 417 2366 2211 2505">
     <span class='ocr_line' id='line_1_20' title="bbox 417 2366 2211 2505; baseline -0.001 -75"><span class='ocrx_word' id='word_1_142' title='bbox 417 2383 440 2430; x_wconf 91' lang='grc'><strong>1</strong></span> <span class='ocrx_word' id='word_1_143' title='bbox 490 2369 672 2438; x_wconf 71' lang='grc' dir='ltr'><strong><em>οὕτως</em></strong></span> <span class='ocrx_word' id='word_1_144' title='bbox 719 2395 815 2505; x_wconf 53' lang='lat' dir='ltr'><strong>spos:</strong></span> <span class='ocrx_word' id='word_1_145' title='bbox 855 2381 902 2443; x_wconf 92' lang='lat' dir='ltr'>Q</span> <span class='ocrx_word' id='word_1_146' title='bbox 959 2395 1057 2444; x_wconf 78' lang='grc' dir='ltr'><strong><em>φρ.</em></strong></span> <span class='ocrx_word' id='word_1_147' title='bbox 1103 2394 1286 2438; x_wconf 85' lang='grc' dir='ltr'><strong><em>ουτως</em></strong></span> <span class='ocrx_word' id='word_1_148' title='bbox 1331 2380 1379 2431; x_wconf 88' lang='grc' dir='ltr'><strong><em>Φ</em></strong></span> <span class='ocrx_word' id='word_1_149' title='bbox 1438 2366 1641 2445; x_wconf 67' lang='grc' dir='ltr'><strong><em>(οὕτως</em></strong></span> <span class='ocrx_word' id='word_1_150' title='bbox 1677 2380 1742 2445; x_wconf 88' lang='grc' dir='ltr'><strong><em>Ρ,</em></strong></span> <span class='ocrx_word' id='word_1_151' title='bbox 1790 2397 1833 2431; x_wconf 86' lang='grc' dir='ltr'><strong><em>ω</em></strong></span> <span class='ocrx_word' id='word_1_152' title='bbox 1871 2381 1998 2443; x_wconf 78' lang='lat' dir='ltr'><em>fecie</em></span> <span class='ocrx_word' id='word_1_153' title='bbox 2036 2396 2104 2431; x_wconf 87' lang='lat' dir='ltr'><strong><em>m.</em></strong></span> <span class='ocrx_word' id='word_1_154' title='bbox 2129 2396 2211 2445; x_wconf 85' lang='lat' dir='ltr'><strong><em>pr.</em></strong></span> 
     </span>
    </p>
   </div>
   <div class='ocr_carea' id='block_1_4' title="bbox 272 2463 2214 2685">
    <p class='ocr_par' dir='ltr' id='par_1_4' title="bbox 272 2463 2214 2633">
     <span class='ocr_line' id='line_1_21' title="bbox 275 2463 2214 2576; baseline -0.001 -26"><span class='ocrx_word' id='word_1_155' title='bbox 275 2516 349 2550; x_wconf 76' lang='lat' dir='ltr'><strong><em>ea:</em></strong></span> <span class='ocrx_word' id='word_1_156' title='bbox 385 2498 438 2562; x_wconf 94' lang='grc' dir='ltr'><strong><em>ο)</em></strong></span> <span class='ocrx_word' id='word_1_157' title='bbox 578 2463 815 2549; x_wconf 84' lang='grc' dir='ltr'><strong><em>πάντων</em></strong></span> <span class='ocrx_word' id='word_1_158' title='bbox 846 2496 920 2560; x_wconf 92' lang='lat' dir='ltr'><strong><em>D,</em></strong></span> <span class='ocrx_word' id='word_1_159' title='bbox 957 2514 985 2556; x_wconf 86' lang='grc' dir='ltr'><strong><em>ς</em></strong></span> <span class='ocrx_word' id='word_1_160' title='bbox 1022 2499 1144 2548; x_wconf 85' lang='lat' dir='ltr'><strong><em>add.</em></strong></span> <span class='ocrx_word' id='word_1_161' title='bbox 1179 2496 1231 2547; x_wconf 95' lang='lat' dir='ltr'>D</span> <span class='ocrx_word' id='word_1_162' title='bbox 1255 2499 1287 2548; x_wconf 99' lang='grc'><strong>2</strong></span> <span class='ocrx_word' id='word_1_163' title='bbox 1411 2499 1441 2547; x_wconf 91' lang='grc'><strong>2</strong></span> <span class='ocrx_word' id='word_1_164' title='bbox 1478 2488 1868 2562; x_wconf 76' lang='grc' dir='ltr'><strong><em>ἐμβάλλοντας</em></strong></span> <span class='ocrx_word' id='word_1_165' title='bbox 1905 2497 1973 2561; x_wconf 94' lang='grc' dir='ltr'><strong><em>Φ,</em></strong></span> <span class='ocrx_word' id='word_1_166' title='bbox 2013 2497 2059 2558; x_wconf 87' lang='lat' dir='ltr'>Q</span> <span class='ocrx_word' id='word_1_167' title='bbox 2093 2495 2214 2576; x_wconf 78' lang='lat' dir='ltr'><em>(sed</em></span> 
     </span>
     <span class='ocr_line' id='line_1_22' title="bbox 272 2513 2214 2685; baseline -0.001 -68"><span class='ocrx_word' id='word_1_168' title='bbox 272 2585 312 2633; x_wconf 88' lang='grc' dir='ltr'><strong><em>μ</em></strong></span> <span class='ocrx_word' id='word_1_169' title='bbox 347 2583 416 2618; x_wconf 91' lang='lat' dir='ltr'><strong><em>m.</em></strong></span> <span class='ocrx_word' id='word_1_170' title='bbox 411 2582 522 2685; x_wconf 62' lang='grc' dir='ltr'><strong><em>νρτ.</em></strong></span> <span class='ocrx_word' id='word_1_171' title='bbox 556 2581 656 2630; x_wconf 87' lang='lat' dir='ltr'><strong><em>pro</em></strong></span> <span class='ocrx_word' id='word_1_172' title='bbox 693 2580 849 2615; x_wconf 76' lang='lat' dir='ltr'><strong><em>erasa</em></strong></span> <span class='ocrx_word' id='word_1_173' title='bbox 883 2566 917 2618; x_wconf 88' lang='lat' dir='ltr'><strong><em>l.</em></strong></span> <span class='ocrx_word' id='word_1_174' title='bbox 956 2564 1040 2628; x_wconf 82' lang='grc' dir='ltr'><strong><em>κ)</em></strong></span> <span class='ocrx_word' id='word_1_175' title='bbox 1153 2567 1185 2615; x_wconf 86' lang='lat'><strong>3</strong></span> <span class='ocrx_word' id='word_1_176' title='bbox 1221 2513 1545 2615; x_wconf 79' lang='grc' dir='ltr'><strong><em>θάλασσαν</em></strong></span> <span class='ocrx_word' id='word_1_177' title='bbox 1565 2564 1613 2614; x_wconf 91' lang='lat' dir='ltr'><strong>V</strong></span> <span class='ocrx_word' id='word_1_178' title='bbox 1639 2564 1687 2614; x_wconf 88' lang='grc' dir='ltr'><strong><em>Φ</em></strong></span> <span class='ocrx_word' id='word_1_179' title='bbox 1713 2565 1764 2615; x_wconf 87' lang='grc' dir='ltr'><strong><em>Κ</em></strong></span> <span class='ocrx_word' id='word_1_180' title='bbox 1787 2564 1828 2613; x_wconf 88' lang='grc' dir='ltr'><strong>Ζ</strong></span> <span class='ocrx_word' id='word_1_181' title='bbox 1851 2580 1887 2614; x_wconf 83' lang='lat' dir='ltr'>v</span> <span class='ocrx_word' id='word_1_182' title='bbox 2034 2558 2214 2629; x_wconf 78' lang='grc' dir='ltr'><strong><em>μόνον</em></strong></span> 
     </span>
    </p>
   </div>
   <div class='ocr_carea' id='block_1_5' title="bbox 271 2688 2211 2953">
    <p class='ocr_par' dir='ltr' id='par_1_5' title="bbox 271 2688 2211 2902">
     <span class='ocr_line' id='line_1_23' title="bbox 271 2688 2209 2779; baseline -0.002 -26"><span class='ocrx_word' id='word_1_183' title='bbox 271 2702 324 2753; x_wconf 93' lang='lat' dir='ltr'>D</span> <span class='ocrx_word' id='word_1_184' title='bbox 349 2694 470 2767; x_wconf 87' lang='grc' dir='ltr'><strong><em>(μό)</em></strong></span> <span class='ocrx_word' id='word_1_185' title='bbox 575 2704 609 2751; x_wconf 88' lang='grc'><strong>4</strong></span> <span class='ocrx_word' id='word_1_186' title='bbox 633 2691 712 2763; x_wconf 76' lang='grc' dir='ltr'><strong><em>ἐξ.</em></strong></span> <span class='ocrx_word' id='word_1_187' title='bbox 738 2699 835 2750; x_wconf 87' lang='grc' dir='ltr'><strong><em>Α2</em></strong></span> <span class='ocrx_word' id='word_1_188' title='bbox 868 2700 1000 2762; x_wconf 74' lang='lat' dir='ltr'><em>fec-il</em></span> <span class='ocrx_word' id='word_1_189' title='bbox 1022 2715 1093 2750; x_wconf 79' lang='lat' dir='ltr'><strong><em>ex</em></strong></span> <span class='ocrx_word' id='word_1_190' title='bbox 1119 2688 1210 2762; x_wconf 79' lang='grc' dir='ltr'><strong><em>ἆξ.</em></strong></span> <span class='ocrx_word' id='word_1_191' title='bbox 1242 2698 1322 2779; x_wconf 89' lang='lat' dir='ltr'><strong><em>A;</em></strong></span> <span class='ocrx_word' id='word_1_192' title='bbox 1351 2691 1637 2775; x_wconf 81' lang='grc' dir='ltr'><strong><em>εἰσιόντας</em></strong></span> <span class='ocrx_word' id='word_1_193' title='bbox 1661 2700 1730 2764; x_wconf 77' lang='lat' dir='ltr'><strong><em>R,</em></strong></span> <span class='ocrx_word' id='word_1_194' title='bbox 1756 2701 1804 2763; x_wconf 87' lang='lat' dir='ltr'>Q</span> <span class='ocrx_word' id='word_1_195' title='bbox 1829 2701 1861 2749; x_wconf 94' lang='grc'><strong>2</strong></span> <span class='ocrx_word' id='word_1_196' title='bbox 1885 2701 1938 2749; x_wconf 82' lang='lat' dir='ltr'><strong><em>in</em></strong></span> <span class='ocrx_word' id='word_1_197' title='bbox 1961 2715 2138 2764; x_wconf 68' lang='lat' dir='ltr'><em>mary„</em></span> <span class='ocrx_word' id='word_1_198' title='bbox 2165 2701 2209 2750; x_wconf 87' lang='lat' dir='ltr'><strong>E</strong></span> 
     </span>
     <span class='ocr_line' id='line_1_24' title="bbox 411 2737 2211 2828; baseline -0.002 -7"><span class='ocrx_word' id='word_1_199' title='bbox 411 2773 443 2821; x_wconf 82' lang='lat'>5</span> <span class='ocrx_word' id='word_1_200' title='bbox 480 2762 659 2828; x_wconf 77' lang='grc' dir='ltr'><strong><em>οὕτως</em></strong></span> <span class='ocrx_word' id='word_1_201' title='bbox 693 2767 739 2816; x_wconf 88' lang='grc' dir='ltr'>Ρ</span> <span class='ocrx_word' id='word_1_202' title='bbox 876 2769 1030 2819; x_wconf 85' lang='grc'><strong><em>5-6</em></strong></span> <span class='ocrx_word' id='word_1_203' title='bbox 1065 2784 1150 2821; x_wconf 84' lang='lat' dir='ltr'><strong><em>uu.</em></strong></span> <span class='ocrx_word' id='word_1_204' title='bbox 1194 2737 1388 2826; x_wconf 77' lang='grc' dir='ltr'><strong><em>οὗτος.</em></strong></span> <span class='ocrx_word' id='word_1_205' title='bbox 1443 2781 1753 2828; x_wconf 82' lang='grc' dir='ltr'><strong><em>.απαντας</em></strong></span> <span class='ocrx_word' id='word_1_206' title='bbox 1776 2770 1915 2818; x_wconf 78' lang='lat' dir='ltr'><em>intra</em></span> <span class='ocrx_word' id='word_1_207' title='bbox 1961 2764 2126 2818; x_wconf 73' lang='lat' dir='ltr'><em>lineas</em></span> <span class='ocrx_word' id='word_1_208' title='bbox 2160 2775 2211 2819; x_wconf 78' lang='lat' dir='ltr'><strong><em>et</em></strong></span> 
     </span>
     <span class='ocr_line' id='line_1_25' title="bbox 271 2825 2078 2953; baseline -0.002 -64"><span class='ocrx_word' id='word_1_209' title='bbox 271 2841 326 2889; x_wconf 79' lang='lat' dir='ltr'><strong><em>in</em></strong></span> <span class='ocrx_word' id='word_1_210' title='bbox 361 2852 525 2902; x_wconf 74' lang='lat' dir='ltr'><strong><em>mar-9.</em></strong></span> <span class='ocrx_word' id='word_1_211' title='bbox 562 2838 683 2887; x_wconf 84' lang='lat' dir='ltr'><em>add.</em></span> <span class='ocrx_word' id='word_1_212' title='bbox 724 2837 770 2898; x_wconf 97' lang='lat' dir='ltr'>Q</span> <span class='ocrx_word' id='word_1_213' title='bbox 808 2850 877 2885; x_wconf 90' lang='lat' dir='ltr'><strong><em>m.</em></strong></span> <span class='ocrx_word' id='word_1_214' title='bbox 903 2851 981 2901; x_wconf 86' lang='lat' dir='ltr'><strong><em>pr.</em></strong></span> <span class='ocrx_word' id='word_1_215' title='bbox 1123 2837 1152 2885; x_wconf 80' lang='lat'>7</span> <span class='ocrx_word' id='word_1_216' title='bbox 1199 2825 1487 2902; x_wconf 79' lang='grc' dir='ltr'><strong><em>ἔκπίωμαι</em></strong></span> <span class='ocrx_word' id='word_1_217' title='bbox 1528 2835 1573 2898; x_wconf 86' lang='lat' dir='ltr'>Q</span> <span class='ocrx_word' id='word_1_218' title='bbox 1713 2836 1746 2953; x_wconf 88' lang='lat'>8</span> <span class='ocrx_word' id='word_1_219' title='bbox 1781 2828 1995 2901; x_wconf 80' lang='grc' dir='ltr'><strong><em>μέλλου</em></strong></span> <span class='ocrx_word' id='word_1_220' title='bbox 2034 2835 2078 2885; x_wconf 90' lang='grc' dir='ltr'><strong><em>Ρ</em></strong></span> 
     </span>
    </p>
   </div>
   <div class='ocr_carea' id='block_1_6' title="bbox 272 2907 2215 3020">
    <p class='ocr_par' dir='ltr' id='par_1_6' title="bbox 272 2907 2215 3020">
     <span class='ocr_line' id='line_1_26' title="bbox 272 2907 2215 3020; baseline -0.001 -13"><span class='ocrx_word' id='word_1_221' title='bbox 272 2947 484 3019; x_wconf 78' lang='grc' dir='ltr'><strong><em>τοότης</em></strong></span> <span class='ocrx_word' id='word_1_222' title='bbox 521 2952 624 3020; x_wconf 84' lang='grc' dir='ltr'><strong><em>τῆς</em></strong></span> <span class='ocrx_word' id='word_1_223' title='bbox 659 2952 706 3002; x_wconf 87' lang='grc' dir='ltr'><strong>Ε</strong></span> <span class='ocrx_word' id='word_1_224' title='bbox 856 2956 887 3004; x_wconf 89' lang='grc'>9</span> <span class='ocrx_word' id='word_1_225' title='bbox 922 2945 1102 3017; x_wconf 73' lang='grc' dir='ltr'><strong><em>παρὰ]</em></strong></span> <span class='ocrx_word' id='word_1_226' title='bbox 1140 2948 1272 3017; x_wconf 77' lang='grc' dir='ltr'><strong><em>περὶ</em></strong></span> <span class='ocrx_word' id='word_1_227' title='bbox 1309 2952 1358 3002; x_wconf 86' lang='lat' dir='ltr'><strong>V</strong></span> <span class='ocrx_word' id='word_1_228' title='bbox 1510 2954 1572 3005; x_wconf 90' lang='lat'><strong><em>10</em></strong></span> <span class='ocrx_word' id='word_1_229' title='bbox 1608 2907 1893 3020; x_wconf 76' lang='grc' dir='ltr'><strong><em>αἰγυαλόν</em></strong></span> <span class='ocrx_word' id='word_1_230' title='bbox 1933 2953 1982 3004; x_wconf 83' lang='lat' dir='ltr'>R</span> <span class='ocrx_word' id='word_1_231' title='bbox 2122 2969 2215 3005; x_wconf 88' lang='grc' dir='ltr'><strong><em>συ-</em></strong></span> 
     </span>
    </p>
   </div>
   <div class='ocr_carea' id='block_1_7' title="bbox 273 3041 2213 3261">
    <p class='ocr_par' dir='ltr' id='par_1_7' title="bbox 273 3041 2213 3206">
     <span class='ocr_line' id='line_1_27' title="bbox 273 3041 2213 3138; baseline -0.001 -14"><span class='ocrx_word' id='word_1_232' title='bbox 273 3066 585 3137; x_wconf 71' lang='grc' dir='ltr'><strong><em>ρεύσαντος</em></strong></span> <span class='ocrx_word' id='word_1_233' title='bbox 618 3071 665 3121; x_wconf 90' lang='grc' dir='ltr'>Ρ</span> <span class='ocrx_word' id='word_1_234' title='bbox 699 3041 926 3137; x_wconf 41' lang='lat' dir='ltr'><strong><em>cuz-36⁶.</em></strong></span> <span class='ocrx_word' id='word_1_235' title='bbox 967 3071 1013 3133; x_wconf 86' lang='lat' dir='ltr'>Q</span> <span class='ocrx_word' id='word_1_236' title='bbox 1049 3087 1119 3124; x_wconf 90' lang='lat' dir='ltr'><strong><em>m.</em></strong></span> <span class='ocrx_word' id='word_1_237' title='bbox 1187 3087 1226 3121; x_wconf 86' lang='lat' dir='ltr'><strong><em>r.</em></strong></span> <span class='ocrx_word' id='word_1_238' title='bbox 1345 3063 1445 3122; x_wconf 73' lang='grc' dir='ltr'><strong><em>ἐπὶ</em></strong></span> <span class='ocrx_word' id='word_1_239' title='bbox 1478 3066 1601 3122; x_wconf 79' lang='grc' dir='ltr'><strong><em>θέα</em></strong></span> <span class='ocrx_word' id='word_1_240' title='bbox 1635 3071 1682 3122; x_wconf 83' lang='lat' dir='ltr'>R</span> <span class='ocrx_word' id='word_1_241' title='bbox 1794 3070 2040 3138; x_wconf 78' lang='grc' dir='ltr'><strong><em>πραχθ.]</em></strong></span> <span class='ocrx_word' id='word_1_242' title='bbox 2077 3075 2213 3123; x_wconf 79' lang='lat' dir='ltr'><strong><em>inter</em></strong></span> 
     </span>
     <span class='ocr_line' id='line_1_28' title="bbox 274 3134 2213 3261; baseline 0.001 -72"><span class='ocrx_word' id='word_1_243' title='bbox 274 3155 312 3189; x_wconf 89' lang='grc' dir='ltr'><strong><em>α</em></strong></span> <span class='ocrx_word' id='word_1_244' title='bbox 347 3148 399 3191; x_wconf 77' lang='lat' dir='ltr'><strong><em>et</em></strong></span> <span class='ocrx_word' id='word_1_245' title='bbox 434 3156 467 3205; x_wconf 72' lang='grc' dir='ltr'><em>χ</em></span> <span class='ocrx_word' id='word_1_246' title='bbox 503 3154 660 3189; x_wconf 76' lang='lat' dir='ltr'><strong><em>erasa</em></strong></span> <span class='ocrx_word' id='word_1_247' title='bbox 694 3143 726 3192; x_wconf 88' lang='lat' dir='ltr'><strong><em>l.</em></strong></span> <span class='ocrx_word' id='word_1_248' title='bbox 736 3155 798 3261; x_wconf 66' lang='grc' dir='ltr'><strong><em>αν</em></strong></span> <span class='ocrx_word' id='word_1_249' title='bbox 837 3140 885 3202; x_wconf 87' lang='lat' dir='ltr'>Q</span> <span class='ocrx_word' id='word_1_250' title='bbox 1183 3134 1541 3206; x_wconf 75' lang='grc' dir='ltr'><strong><em>ιδαχθέντα]</em></strong></span> <span class='ocrx_word' id='word_1_251' title='bbox 1582 3138 1643 3189; x_wconf 84' lang='grc' dir='ltr'><strong><em>δι</em></strong></span> <span class='ocrx_word' id='word_1_252' title='bbox 1677 3141 1728 3190; x_wconf 83' lang='lat' dir='ltr'><strong><em>in</em></strong></span> <span class='ocrx_word' id='word_1_253' title='bbox 1762 3156 1871 3191; x_wconf 76' lang='lat' dir='ltr'><strong><em>ras.</em></strong></span> <span class='ocrx_word' id='word_1_254' title='bbox 1907 3140 1974 3202; x_wconf 85' lang='lat' dir='ltr'><strong><em>Z;</em></strong></span> <span class='ocrx_word' id='word_1_255' title='bbox 2011 3139 2213 3191; x_wconf 81' lang='grc' dir='ltr'><strong><em>διατα·</em></strong></span> 
     </span>
    </p>
   </div>
   <div class='ocr_carea' id='block_1_8' title="bbox 270 3228 2214 3661">
    <p class='ocr_par' dir='ltr' id='par_1_8' title="bbox 272 3228 2212 3337">
     <span class='ocr_line' id='line_1_29' title="bbox 272 3228 2212 3337; baseline -0.001 -28"><span class='ocrx_word' id='word_1_256' title='bbox 272 3253 525 3336; x_wconf 71' lang='grc' dir='ltr'><strong><em>χθέντα</em></strong></span> <span class='ocrx_word' id='word_1_257' title='bbox 537 3259 584 3308; x_wconf 82' lang='lat' dir='ltr'><strong>R</strong></span> <span class='ocrx_word' id='word_1_258' title='bbox 629 3228 968 3337; x_wconf 70' lang='grc' dir='ltr'><strong><em>διαχθέντα</em></strong></span> <span class='ocrx_word' id='word_1_259' title='bbox 1004 3260 1049 3309; x_wconf 92' lang='grc' dir='ltr'>Ρ</span> <span class='ocrx_word' id='word_1_260' title='bbox 1093 3272 1161 3309; x_wconf 88' lang='lat' dir='ltr'><strong><em>m.</em></strong></span> <span class='ocrx_word' id='word_1_261' title='bbox 1187 3273 1268 3323; x_wconf 87' lang='lat' dir='ltr'><strong><em>pr.</em></strong></span> <span class='ocrx_word' id='word_1_262' title='bbox 1442 3258 1505 3308; x_wconf 93' lang='grc'><strong><em>12</em></strong></span> <span class='ocrx_word' id='word_1_263' title='bbox 1539 3249 1687 3335; x_wconf 76' lang='grc' dir='ltr'><strong><em>πρὸς</em></strong></span> <span class='ocrx_word' id='word_1_264' title='bbox 1723 3256 1825 3309; x_wconf 74' lang='grc' dir='ltr'><strong><em>τοῦ</em></strong></span> <span class='ocrx_word' id='word_1_265' title='bbox 1860 3252 1982 3312; x_wconf 81' lang='grc' dir='ltr'><strong><em>Αἰσ.</em></strong></span> <span class='ocrx_word' id='word_1_266' title='bbox 2027 3274 2120 3309; x_wconf 87' lang='lat' dir='ltr'><strong><em>om.</em></strong></span> <span class='ocrx_word' id='word_1_267' title='bbox 2164 3258 2212 3308; x_wconf 89' lang='grc' dir='ltr'><strong><em>Φ</em></strong></span> 
     </span>
    </p>

    <p class='ocr_par' dir='ltr' id='par_1_9' title="bbox 270 3316 2214 3661">
     <span class='ocr_line' id='line_1_30' title="bbox 410 3316 2213 3391; baseline 0 -15"><span class='ocrx_word' id='word_1_268' title='bbox 410 3317 754 3391; x_wconf 76' lang='grc' dir='ltr'><strong><em>δράσαντος]</em></strong></span> <span class='ocrx_word' id='word_1_269' title='bbox 789 3317 1118 3390; x_wconf 76' lang='grc' dir='ltr'><strong><em>πράξαντος</em></strong></span> <span class='ocrx_word' id='word_1_270' title='bbox 1154 3326 1198 3375; x_wconf 94' lang='grc' dir='ltr'>Ρ</span> <span class='ocrx_word' id='word_1_271' title='bbox 1357 3327 1422 3378; x_wconf 85' lang='grc'><strong><em>13</em></strong></span> <span class='ocrx_word' id='word_1_272' title='bbox 1458 3316 1789 3390; x_wconf 79' lang='grc' dir='ltr'><strong><em>ἆνευόησαν</em></strong></span> <span class='ocrx_word' id='word_1_273' title='bbox 1821 3324 1867 3375; x_wconf 93' lang='grc' dir='ltr'>Ρ</span> <span class='ocrx_word' id='word_1_274' title='bbox 2029 3317 2213 3390; x_wconf 75' lang='grc' dir='ltr'><strong><em>εὔφη·</em></strong></span> 
     </span>
     <span class='ocr_line' id='line_1_31' title="bbox 270 3409 2213 3544; baseline -0.001 -32"><span class='ocrx_word' id='word_1_275' title='bbox 270 3459 552 3541; x_wconf 77' lang='grc' dir='ltr'><strong><em>μοῦνταις</em></strong></span> <span class='ocrx_word' id='word_1_276' title='bbox 586 3460 632 3511; x_wconf 93' lang='grc' dir='ltr'>Ρ</span> <span class='ocrx_word' id='word_1_277' title='bbox 784 3463 848 3511; x_wconf 86' lang='lat'><strong><em>14</em></strong></span> <span class='ocrx_word' id='word_1_278' title='bbox 885 3459 1284 3544; x_wconf 76' lang='grc' dir='ltr'><strong><em>σχολαστικῶς</em></strong></span> <span class='ocrx_word' id='word_1_279' title='bbox 1307 3461 1352 3511; x_wconf 91' lang='grc' dir='ltr'>Ρ</span> <span class='ocrx_word' id='word_1_280' title='bbox 1499 3409 1823 3543; x_wconf 56' lang='grc' dir='ltr'><strong><em>προσπεσῗν</em></strong></span> <span class='ocrx_word' id='word_1_281' title='bbox 1861 3461 1916 3523; x_wconf 81' lang='lat' dir='ltr'>Q</span> <span class='ocrx_word' id='word_1_282' title='bbox 2066 3476 2120 3510; x_wconf 85' lang='grc' dir='ltr'><strong><em>τι</em></strong></span> <span class='ocrx_word' id='word_1_283' title='bbox 2155 3474 2213 3511; x_wconf 88' lang='grc' dir='ltr'><strong><em>νι</em></strong></span> 
     </span>
     <span class='ocr_line' id='line_1_32' title="bbox 271 3519 2213 3609; baseline -0.002 -29"><span class='ocrx_word' id='word_1_284' title='bbox 271 3545 462 3580; x_wconf 65' lang='lat' dir='ltr'><strong><em>wavra</em></strong></span> <span class='ocrx_word' id='word_1_285' title='bbox 497 3530 541 3579; x_wconf 94' lang='lat' dir='ltr'>P</span> <span class='ocrx_word' id='word_1_286' title='bbox 711 3530 772 3580; x_wconf 87' lang='lat'><strong><em>15</em></strong></span> <span class='ocrx_word' id='word_1_287' title='bbox 807 3519 1086 3609; x_wconf 76' lang='grc' dir='ltr'><strong><em>ὁμολῶγει</em></strong></span> <span class='ocrx_word' id='word_1_288' title='bbox 1119 3530 1197 3592; x_wconf 81' lang='grc' dir='ltr'>Ρ;</span> <span class='ocrx_word' id='word_1_289' title='bbox 1244 3522 1362 3609; x_wconf 75' lang='grc' dir='ltr'><strong><em>ὥμ.</em></strong></span> <span class='ocrx_word' id='word_1_290' title='bbox 1390 3545 1460 3581; x_wconf 76' lang='lat' dir='ltr'><strong><em>eae</em></strong></span> <span class='ocrx_word' id='word_1_291' title='bbox 1495 3521 1587 3593; x_wconf 81' lang='grc' dir='ltr'><strong><em>ὀμ.</em></strong></span> <span class='ocrx_word' id='word_1_292' title='bbox 1624 3543 1762 3579; x_wconf 81' lang='lat' dir='ltr'><em>corr.</em></span> <span class='ocrx_word' id='word_1_293' title='bbox 1799 3527 1851 3577; x_wconf 92' lang='lat' dir='ltr'>D</span> <span class='ocrx_word' id='word_1_294' title='bbox 2013 3528 2078 3577; x_wconf 82' lang='lat'><strong><em>16</em></strong></span> <span class='ocrx_word' id='word_1_295' title='bbox 2115 3519 2213 3577; x_wconf 75' lang='grc' dir='ltr'><strong><em>λύ-</em></strong></span> 
     </span>
     <span class='ocr_line' id='line_1_33' title="bbox 271 3585 2214 3661; baseline -0.001 -15"><span class='ocrx_word' id='word_1_296' title='bbox 271 3609 369 3648; x_wconf 88' lang='grc' dir='ltr'><strong><em>σαι</em></strong></span> <span class='ocrx_word' id='word_1_297' title='bbox 407 3597 453 3659; x_wconf 82' lang='lat' dir='ltr'>Q</span> <span class='ocrx_word' id='word_1_298' title='bbox 562 3595 845 3661; x_wconf 68' lang='lat' dir='ltr'><strong><em>armoinus</em></strong></span> <span class='ocrx_word' id='word_1_299' title='bbox 881 3588 911 3648; x_wconf 89' lang='lat'>6</span> <span class='ocrx_word' id='word_1_300' title='bbox 952 3595 999 3660; x_wconf 78' lang='grc' dir='ltr'><strong><em>ξ.</em></strong></span> <span class='ocrx_word' id='word_1_301' title='bbox 1036 3596 1085 3647; x_wconf 91' lang='lat' dir='ltr'>A</span> <span class='ocrx_word' id='word_1_302' title='bbox 1190 3598 1252 3647; x_wconf 83' lang='grc'><strong><em>17</em></strong></span> <span class='ocrx_word' id='word_1_303' title='bbox 1292 3587 1486 3650; x_wconf 74' lang='grc' dir='ltr'><strong><em>αὐτῶν</em></strong></span> <span class='ocrx_word' id='word_1_304' title='bbox 1520 3596 1565 3645; x_wconf 85' lang='grc' dir='ltr'>Ρ</span> <span class='ocrx_word' id='word_1_305' title='bbox 1673 3596 1735 3646; x_wconf 87' lang='grc'><strong><em>18</em></strong></span> <span class='ocrx_word' id='word_1_306' title='bbox 1770 3585 2141 3661; x_wconf 76' lang='grc' dir='ltr'><strong><em>προεξελθών</em></strong></span> <span class='ocrx_word' id='word_1_307' title='bbox 2165 3593 2214 3644; x_wconf 96' lang='grc' dir='ltr'><strong><em>Φ</em></strong></span> 
     </span>
    </p>
   </div>
  </div>
 </body>
</html>
