2563 4087
1057 238 1308 305 Aesopus
1340 240 1369 289 Ι
2057 237 2185 302 233

238 421 444 483 μενος
474 393 682 465 οὐδὲν
714 396 861 483 ε’μοὶ
893 392 1138 484 ὄφελος
1176 402 1377 465 ἔσται.
1408 395 1681 483 φθάσας
1704 402 1945 467 τοίνυν
1964 393 2182 465 αὐτοῦ

235 496 682 586 κατηγορήσω
735 494 947 577 αὐτὸς
1003 499 1112 567 ἐπὶ
1166 501 1290 565 τοῦ
1348 497 1709 586 δεσπότου,
1764 499 1926 585 πρὶν
1975 495 2184 578 αὐτὸς

237 595 427 666 τοῦτ’
471 595 642 667 αὐτὸ
682 598 931 687 δράσῃ,
967 604 1088 667 καί
1118 627 1200 687 με
1236 597 1285 666 ό-
1313 599 1641 687 δεσπότης
1668 601 1786 685 τῆς
1826 601 2184 687 ἐπιτροπῆς

236 698 682 788 παραλύσῃ.“
732 700 926 769 ταῦτ’
967 701 1184 770 είπῶν
1222 698 1400 771 εὐθύ
1429 704 1547 787 τῆς
1578 700 1835 780 πόλεως
1862 701 2032 788 πρὸς
2059 699 2205 776 τὸνθ

239 800 581 889 δεσπότην
634 798 909 888 ἤλαυνε.
981 804 1096 871 καὶ
1148 803 1231 889 δὴ
1268 802 1400 871 σὺν
1434 801 1720 892 θορύβῳ
1757 802 2183 891 προσελθών,
2209 819 2241 860 ⁵

239 901 534 991 ,,χαῐρε“
552 911 725 990 φησί
736 902 1148 990 ,,δέσποτα“.
1182 900 1217 971 ὃ
1238 905 1323 972 δέ
1348 911 1467 991 9,τί
1489 903 2034 991 τεθορυβημένος
2049 903 2184 970 πά-

239 1031 342 1093 ρει
361 1002 432 1086 ;“
463 1013 662 1093 φησί·
700 1006 815 1073 καὶ
844 1002 881 1072 ὁ
914 1010 1141 1093 Ζηνᾶς
1160 1023 1173 1036 ·
1219 1004 1489 1094 ,,χρῆμοὶ
1516 1030 1580 1071 τι
1604 1007 1972 1092 τερατῶδες
1997 1007 2069 1075 ἐν
2088 1008 2182 1094 τῷ

236 1103 426 1198 ἀγρῷ
441 1106 766 1194 συνέβη“.
782 1105 952 1178 καὶὸ
975 1105 1324 1194 δεσπότης·
1346 1097 1435 1193 »ἦ
1455 1105 1593 1174 πού
1612 1132 1676 1174 τι
1694 1106 1986 1193 δένδρον
2000 1103 2184 1195 παρὰ

236 1207 479 1295 καιρὸν
502 1206 812 1296 [καρπὸν]
836 1205 1119 1294 ἤνεγκεν
1138 1239 1155 1290 ;
1183 1204 1223 1295 ἢ
1243 1210 1383 1275 τῶν
1402 1209 1671 1295 κτηνῶν
1689 1234 1752 1274 τι
1770 1206 1952 1294 παρὰ
1971 1205 2186 1293 φύσιν

240 1307 654 1397 ἐγέννησεν“
679 1340 696 1390 ;
725 1311 840 1379 καὶ
861 1307 935 1388 ὅς
951 1327 965 1340 ·
998 1306 1173 1398 ,,οὐχ
1193 1306 1435 1394 οὕτως,
1456 1306 1596 1376 ἀλλ’
1622 1318 1943 1387 Αἴσωπος
1964 1305 2182 1379 &vav-.-
2213 1328 2269 1366 10

238 1415 360 1492 δος
386 1409 462 1478 τὸ
485 1408 817 1499 πρότερον
839 1406 935 1481 ῶν
953 1412 1117 1479 νυνὶ
1139 1418 1370 1480 λαλεῖν
1388 1408 1699 1499 ἤρξατο.“
1738 1411 1854 1478 καὶ
1877 1407 1913 1478 ὁ
1936 1409 2184 1479 δεσπό-

236 1539 360 1600 της
378 1530 391 1543 ·
412 1509 645 1599 ,ρῦτω
662 1531 766 1580 σοι
779 1511 992 1600 μηδὲν
1010 1516 1148 1580 τῶν
1167 1511 1452 1598 ἀγαθῶν
1466 1513 1751 1598 γένοιτο,
1765 1504 1969 1579 τοῦτο
1982 1516 2183 1599 νομί-

235 1621 417 1699 ζοντι
434 1614 634 1703 τέρας
654 1611 896 1682 εἴναι.“
928 1609 963 1681 ὃ
994 1615 1074 1683 δέ
1090 1616 1254 1701 „acal
1273 1614 1472 1702 μάλα·
1491 1612 1540 1647 “
1560 1620 1772 1700 φησίν
1795 1609 1885 1701 „fi
1905 1612 2030 1701 μὲν
2049 1613 2185 1700 γὰρ

240 1722 344 1798 εἰς
377 1713 508 1801 ,ἐμὲ
537 1714 995 1803 περιύβρισεν,
1035 1714 1209 1786 ἕκῶν
1245 1722 1555 1805 παρίημι,
1591 1715 1918 1786 δέσποτα·
1971 1721 2069 1794 εἰς
2106 1713 2183 1783 δὲ

238 1815 317 1887 σὲ
345 1818 462 1889 καὶ
481 1816 691 1897 θεοὺς
718 1815 802 1885 ού
824 1818 1086 1906 φορητὰ
1102 1815 1552 1906 βλασφημεῖ.“
1597 1818 1705 1885 ἐπὶ
1726 1816 1988 1896 τούτοις
2008 1815 2180 1905 ὀργῇ
2210 1832 2266 1872 15
2324 1830 2335 1841 '

235 1919 530 2006 ληφθεὶς
551 1916 588 1986 ὁ
610 1917 937 2006 δεσπότης
977 1923 1071 2009 τῷ
1096 1924 1286 2007 Ζηνᾷ
1308 1937 1515 2006 φησιν
1534 1935 1547 1949 ·
1590 1917 1802 2004 ,,ίδού
1829 1937 1934 1986 σοι
1959 1941 2181 2005 παρα-

242 2022 518 2090 δέδοται
564 2029 887 2100 Αἴσωπος
907 2038 922 2058 ·
979 2018 1272 2106 ἀπόδου,
1321 2019 1642 2106 δῶρησαι,
1707 2014 1742 2086 ὃ
1789 2017 2022 2107 βούλει
2073 2016 2178 2088 ἐπ’

239 2122 434 2214 αὐτῷ
452 2120 807 2210 ποίησον.“
825 2126 948 2190 τοῦ
966 2127 1006 2190 δ
1009 2121 1041 2189 ὲ
1057 2126 1243 2208 Ζηνᾶ
1262 2119 1357 2189 ἐπ’
1375 2119 1561 2212 αὐτῷ
1577 2119 1946 2207 γενόμενον
1960 2146 2183 2209 παρα-

379 2390 404 2437 1
456 2378 584 2452 ἐμοὶ
619 2389 838 2453 scripsi.-
875 2378 1014 2453 ἐμὸν
1056 2388 1191 2449 libri,
1237 2389 1337 2436 nisi
1371 2389 1509 2452 quod
1542 2389 1584 2436 P
1623 2403 1694 2442 m.
1722 2403 1802 2453 pr.
1837 2387 1989 2438 habet
2023 2378 2186 2451 ἐμὴν,

229 2462 477 2505 mutatum
501 2458 555 2505 in
580 2447 719 2521 ἐμὸν
743 2472 890 2505 manu
914 2459 1082 2505 altera
1187 2451 1402 2511 φθάσω
1437 2455 1668 2516 ΩΒΦΒ
1774 2446 1981 2534 αὐτοῦ]
2007 2444 2185 2512 αὐτὸς

225 2522 489 2573 FJKZv
595 2525 627 2572 2
662 2515 1062 2602 κατηχοοήσας
1100 2523 1155 2572 Μ
1181 2522 1228 2572 V
1252 2524 1299 2584 Q
1325 2518 1373 2570 D
1401 2522 1448 2573 Φ
1475 2524 1521 2572 R
1547 2524 1592 2571 E
1619 2523 1674 2572 H
1774 2519 1912 2584 πρὶν
1949 2537 2020 2572 αν
2040 2521 2065 2568 ⁴?

231 2582 442 2657 αὐτὸς]
482 2592 632 2654 prim
666 2581 850 2642 oev’tov
885 2591 930 2640 F
953 2591 990 2641 J
1014 2591 1065 2640 K
1090 2590 1129 2638 Z
1155 2605 1191 2640 v
1304 2593 1334 2640 3
1371 2588 1542 2640 τοῦτο
1579 2589 1628 2639 Φ
1745 2581 1946 2652 δράσει
1985 2586 2031 2636 Φ
2055 2586 2101 2634 Ε
2127 2586 2181 2635 Η

373 2656 482 2708 καί
513 2655 608 2723 με]
657 2655 797 2723 κέμε
834 2659 878 2708 Ρ
1015 2661 1047 2707 4
1092 2652 1412 2723 παραλύσει
1456 2657 1507 2705 D
1535 2655 1583 2705 Φ
1608 2657 1654 2705 E
1680 2656 1735 2705 H
1760 2657 1864 2706 FJ
1886 2656 1954 2718 K,
1990 2655 2030 2704 Z
2069 2653 2188 2719 (sed

1898 2728 1943 2763 ω

227 2779 448 2827 mutauit
484 2778 538 2840 in
574 2792 609 2841 η
647 2775 687 2824 Ζ
714 2773 767 2841 2)
803 2792 838 2826 a
994 2775 1181 2828 ταῦτα
1216 2776 1264 2826 R
1290 2777 1333 2825 P
1372 2766 1552 2825 ταῦθ’
1590 2775 1638 2824 A
1799 2769 1965 2825 εἰπὸν
2000 2775 2045 2835 Q

234 2834 432 2902 εὐθυς
467 2843 516 2892 R
540 2846 588 2894 A
614 2846 645 2894 2
682 2835 863 2908 (εὐθὺ
897 2843 945 2892 A
973 2841 1022 2908 1)
1173 2843 1277 2909 τῆς
1320 2859 1415 2895 om.
1448 2842 1500 2890 D
1641 2844 1672 2893 5
1707 2833 1962 2906 ἤλαυνεν
1998 2841 2046 2892 Φ

231 2913 267 2961 6
309 2900 566 2962 δεσπότα
603 2910 673 2974 D,
710 2911 756 2959 A
792 2914 957 2974 primo
1103 2913 1225 2962 τίτε
1271 2905 1671 2976 θορυβομένος
1727 2909 1810 2960 ed.
1854 2905 2047 2962 Neuel.

233 2982 266 3030 7
309 2975 491 3045 ζημᾶς
527 2978 574 3029 A
714 2969 895 3044 ἀγρῷ]
936 2970 1093 3044 ἇγρῶ
1132 2978 1363 3044 φησίΦ
1502 2980 1534 3029 8
1580 2963 1736 3041 ἦπου
1773 2969 1843 3027 τὰ
1881 2973 2099 3040 δένδρα
2135 2976 2184 3038 Q

226 3046 282 3097 R
309 3046 357 3098 Φ
394 3036 576 3112 (ἦπου
612 3043 740 3096 ταδ.
780 3045 863 3109 P),
901 3046 952 3095 D
988 3045 1105 3108 (sed
1137 3054 1257 3097 mut.
1294 3048 1347 3096 in
1381 3063 1437 3096 τι
1476 3041 1723 3109 δένδρον
1758 3044 1809 3093 D
1834 3044 1887 3109 2)
1932 3031 2087 3111 ἦπου
2129 3042 2191 3095 τί

226 3165 280 3215 Ε
308 3165 362 3215 Η
493 3167 523 3214 9
560 3155 785 3229 καρπὸν
822 3181 915 3214 om.
954 3163 1002 3214 V
1028 3164 1073 3225 Q
1201 3154 1241 3229 ἤ
1278 3182 1335 3215 τι
1370 3162 1485 3214 τῶν
1500 3127 1747 3231 ίξιιεηνιιῖν
1782 3164 1832 3213 D
1871 3129 2077 3213 uv'lvffii
2114 3161 2181 3225 Q,

228 3231 620 3310 nagld.‘Q2'
708 3222 1561 3310 ΙΟὲγὲννησεΩῌΕῇΚΖν
1691 3222 2061 3308 οὐχ’ΜΩΡ

227 3316 402 3359 natue
441 3316 474 3351 ο
514 3315 715 3366 χουτος
751 3299 796 3348 Ρ
952 3293 1016 3350 τὸ
1052 3315 1145 3364 πρ.
1182 3315 1273 3353 αν.
1314 3317 1395 3350 ων
1429 3299 1477 3348 V
1514 3315 1674 3363 τοπρ.
1713 3313 1747 3347 a
1902 3300 1961 3347 11
2001 3312 2182 3346 αναν·

230 3365 370 3435 δρος
405 3371 470 3433 Ρ,
506 3375 689 3432 postea
725 3384 863 3418 corr.
902 3357 1159 3424 ἄναυδος
1287 3365 1397 3417 νῦν
1432 3366 1483 3416 D
1613 3364 1813 3432 λαβεῖν
1848 3380 1881 3414 a
1919 3356 2100 3427 λαλὴν
2137 3358 2185 3411 Ρ

371 3438 436 3487 14
474 3428 594 3499 ἐμὲ]
634 3426 789 3502 ἡμᾶς
826 3434 876 3484 R
982 3430 1063 3494 εἰς
1103 3430 1169 3485 δὲ
1207 3425 1388 3493 θεοὺς
1426 3431 1528 3484 καὶ
1564 3427 1627 3485 σὲ
1665 3435 1712 3484 R
1802 3434 1893 3494 ⁸1⁴23
1931 3428 2093 3495 φησί,
2133 3428 2183 3507 ςξ

356 3499 491 3555 ἰδοῦ
528 3503 574 3554 Ε
600 3502 655 3553 Η
758 3500 1152 3567 παραδίδοται
1190 3502 1239 3550 R
1354 3504 1416 3552 17
1454 3492 1649 3566 βούλει
1684 3491 1793 3552 ὑπ’
1825 3500 1874 3549 D
1985 3498 2046 3548 18
2084 3490 2154 3549 ἐπ

228 3561 418 3623 αὐτοῦ
456 3562 651 3638 γενόμ..
692 3572 736 3634 Q
881 3559 1035 3638 αὐτῷ
1074 3587 1167 3621 om.
1205 3569 1251 3618 F
1390 3562 1707 3635 γενομένου
1744 3567 1790 3617 E
