<?xml version="1.0" encoding="UTF-8"?>
<!DOCTYPE html PUBLIC "-//W3C//DTD XHTML 1.0 Transitional//EN"
    "http://www.w3.org/TR/xhtml1/DTD/xhtml1-transitional.dtd">
<html xmlns="http://www.w3.org/1999/xhtml" xml:lang="en" lang="en">
 <head>
  <title>
</title>
<meta http-equiv="Content-Type" content="text/html;charset=utf-8" />
  <meta name='ocr-system' content='tesseract 3.04.00' />
  <meta name='ocr-capabilities' content='ocr_page ocr_carea ocr_par ocr_line ocrx_word'/>
</head>
<body>
  <div class='ocr_page' id='page_1' title='image "./fabulaeromanens00aphtgoog_0307.png"; bbox 0 0 2563 4087; ppageno 0'>
   <div class='ocr_carea' id='block_1_1' title="bbox 1011 231 2239 321">
    <p class='ocr_par' dir='ltr' id='par_1_1' title="bbox 1011 231 2239 321">
     <span class='ocr_line' id='line_1_1' title="bbox 1011 231 2239 321; baseline 0.011 -38"><span class='ocrx_word' id='word_1_1' title='bbox 1011 234 1263 299; x_wconf 82' lang='lat' dir='ltr'>Aesopus</span> <span class='ocrx_word' id='word_1_2' title='bbox 1300 234 1328 282; x_wconf 91' lang='grc' dir='ltr'>Ι</span> <span class='ocrx_word' id='word_1_3' title='bbox 1862 232 1867 237; x_wconf 65' lang='grc'><strong>’</strong></span> <span class='ocrx_word' id='word_1_4' title='bbox 2012 231 2137 295; x_wconf 79' lang='grc'><strong><em>29].</em></strong></span> <span class='ocrx_word' id='word_1_5' title='bbox 2233 318 2239 321; x_wconf 22' lang='grc' dir='ltr'><em>Π</em></span> 
     </span>
    </p>
   </div>
   <div class='ocr_carea' id='block_1_2' title="bbox 191 390 2188 893">
    <p class='ocr_par' dir='ltr' id='par_1_2' title="bbox 191 390 2188 893">
     <span class='ocr_line' id='line_1_2' title="bbox 192 390 2135 480; baseline 0 -20"><span class='ocrx_word' id='word_1_6' title='bbox 192 392 469 479; x_wconf 78' lang='grc' dir='ltr'><strong><em>ἀπῆρεν”</em></strong></span> <span class='ocrx_word' id='word_1_7' title='bbox 514 399 612 470; x_wconf 87' lang='grc' dir='ltr'><strong><em>είς</em></strong></span> <span class='ocrx_word' id='word_1_8' title='bbox 675 402 1065 477; x_wconf 77' lang='grc' dir='ltr'><strong><em>Αἴγυπτον,</em></strong></span> <span class='ocrx_word' id='word_1_9' title='bbox 1129 395 1364 478; x_wconf 81' lang='grc' dir='ltr'><strong><em>πολλῇ·</em></strong></span> <span class='ocrx_word' id='word_1_10' title='bbox 1407 399 1751 480; x_wconf 79' lang='grc' dir='ltr'><strong><em>φαντασίᾳ</em></strong></span> <span class='ocrx_word' id='word_1_11' title='bbox 1802 392 1917 459; x_wconf 81' lang='grc' dir='ltr'><strong><em>καὶ</em></strong></span> <span class='ocrx_word' id='word_1_12' title='bbox 1972 390 2135 479; x_wconf 80' lang='grc' dir='ltr'><strong><em>δόξῃ</em></strong></span> 
     </span>
     <span class='ocr_line' id='line_1_3' title="bbox 195 492 2134 581; baseline -0.001 -19"><span class='ocrx_word' id='word_1_13' title='bbox 195 493 370 580; x_wconf 84' lang='grc' dir='ltr'><strong><em>πρὸς</em></strong></span> <span class='ocrx_word' id='word_1_14' title='bbox 408 492 820 579; x_wconf 82' lang='grc' dir='ltr'><strong><em>κατάπληξιν</em></strong></span> <span class='ocrx_word' id='word_1_15' title='bbox 857 495 999 561; x_wconf 76' lang='grc' dir='ltr'><strong><em>τῶν</em></strong></span> <span class='ocrx_word' id='word_1_16' title='bbox 1039 495 1179 560; x_wconf 78' lang='grc' dir='ltr'><strong><em>ἐκεῖ</em></strong></span> <span class='ocrx_word' id='word_1_17' title='bbox 1210 494 1633 580; x_wconf 76' lang='grc' dir='ltr'><strong><em>κεχρημένος.</em></strong></span> <span class='ocrx_word' id='word_1_18' title='bbox 1729 494 2134 581; x_wconf 76' lang='grc' dir='ltr'><strong><em>Νεκτεναβω</em></strong></span> 
     </span>
     <span class='ocr_line' id='line_1_4' title="bbox 193 593 2136 683; baseline -0.001 -20"><span class='ocrx_word' id='word_1_19' title='bbox 193 594 262 663; x_wconf 85' lang='grc' dir='ltr'><strong><em>δ’</em></strong></span> <span class='ocrx_word' id='word_1_20' title='bbox 305 593 613 673; x_wconf 71' lang='grc' dir='ltr'><strong><em>ἀκούσας</em></strong></span> <span class='ocrx_word' id='word_1_21' title='bbox 643 595 1179 681; x_wconf 77' lang='grc' dir='ltr'><em>παραγεγονέναι</em></span> <span class='ocrx_word' id='word_1_22' title='bbox 1212 593 1334 661; x_wconf 87' lang='grc' dir='ltr'><strong><em>τὸν</em></strong></span> <span class='ocrx_word' id='word_1_23' title='bbox 1367 604 1714 679; x_wconf 78' lang='grc' dir='ltr'><strong><em>Αἴσωπον,</em></strong></span> <span class='ocrx_word' id='word_1_24' title='bbox 1756 594 2136 683; x_wconf 56' lang='grc' dir='ltr'><strong><em>»ἐνήδρευ-</em></strong></span> 
     </span>
     <span class='ocr_line' id='line_1_5' title="bbox 191 694 2172 784; baseline -0.001 -20"><span class='ocrx_word' id='word_1_25' title='bbox 191 694 392 784; x_wconf 81' lang='grc' dir='ltr'><strong><em>μαι“,</em></strong></span> <span class='ocrx_word' id='word_1_26' title='bbox 443 697 610 782; x_wconf 79' lang='grc' dir='ltr'><strong><em>φησὶ</em></strong></span> <span class='ocrx_word' id='word_1_27' title='bbox 661 711 804 775; x_wconf 82' lang='grc' dir='ltr'><strong><em>τοῖς</em></strong></span> <span class='ocrx_word' id='word_1_28' title='bbox 842 702 1090 783; x_wconf 78' lang='grc' dir='ltr'><em>φίλοις,</em></span> <span class='ocrx_word' id='word_1_29' title='bbox 1144 695 1598 783; x_wconf 54' lang='grc' dir='ltr'><strong><em>»μεμαθηκώς</em></strong></span> <span class='ocrx_word' id='word_1_30' title='bbox 1649 704 1978 764; x_wconf 81' lang='grc' dir='ltr'><strong><em>Αἴσωπον</em></strong></span> <span class='ocrx_word' id='word_1_31' title='bbox 2026 723 2172 777; x_wconf 29' lang='grc' dir='ltr'><strong><em>τεὴ</em></strong></span> 
     </span>
     <span class='ocr_line' id='line_1_6' title="bbox 191 794 2188 893; baseline -0.001 -28"><span class='ocrx_word' id='word_1_32' title='bbox 191 795 595 885; x_wconf 50' lang='grc' dir='ltr'><strong><em>θνηκέναιίί.</em></strong></span> <span class='ocrx_word' id='word_1_33' title='bbox 648 798 736 884; x_wconf 79' lang='grc' dir='ltr'><strong><em>τῇ</em></strong></span> <span class='ocrx_word' id='word_1_34' title='bbox 770 794 833 865; x_wconf 86' lang='grc' dir='ltr'><strong><em>δ’</em></strong></span> <span class='ocrx_word' id='word_1_35' title='bbox 870 797 1159 893; x_wconf 62' lang='grc' dir='ltr'><strong><em>,ἐπιούσῃ</em></strong></span> <span class='ocrx_word' id='word_1_36' title='bbox 1198 796 1522 876; x_wconf 83' lang='grc' dir='ltr'><strong><em>κελεύσας</em></strong></span> <span class='ocrx_word' id='word_1_37' title='bbox 1551 794 1587 865; x_wconf 88' lang='grc' dir='ltr'>ὁ</span> <span class='ocrx_word' id='word_1_38' title='bbox 1615 797 1927 892; x_wconf 63' lang='grc' dir='ltr'><strong><em>βασιλεῷς</em></strong></span> <span class='ocrx_word' id='word_1_39' title='bbox 1958 798 2132 865; x_wconf 87' lang='grc' dir='ltr'><strong><em>πάν-</em></strong></span> <span class='ocrx_word' id='word_1_40' title='bbox 2162 824 2188 864; x_wconf 85' lang='lat'>5</span> 
     </span>
    </p>
   </div>
   <div class='ocr_carea' id='block_1_3' title="bbox 191 874 2341 986">
    <p class='ocr_par' dir='ltr' id='par_1_3' title="bbox 191 874 2341 986">
     <span class='ocr_line' id='line_1_7' title="bbox 191 874 2341 986; baseline -0.004 -18"><span class='ocrx_word' id='word_1_41' title='bbox 191 926 314 979; x_wconf 81' lang='grc' dir='ltr'><strong><em>τας</em></strong></span> <span class='ocrx_word' id='word_1_42' title='bbox 341 897 504 976; x_wconf 81' lang='grc' dir='ltr'><strong><em>τούς</em></strong></span> <span class='ocrx_word' id='word_1_43' title='bbox 537 900 610 967; x_wconf 81' lang='grc' dir='ltr'><strong><em>ἐν</em></strong></span> <span class='ocrx_word' id='word_1_44' title='bbox 638 898 810 967; x_wconf 81' lang='grc' dir='ltr'><strong><em>τέλει</em></strong></span> <span class='ocrx_word' id='word_1_45' title='bbox 839 896 1085 977; x_wconf 74' lang='grc' dir='ltr'><strong><em>λευκὰς</em></strong></span> <span class='ocrx_word' id='word_1_46' title='bbox 1115 899 1596 986; x_wconf 79' lang='grc' dir='ltr'><strong><em>περιβαλέσθαι</em></strong></span> <span class='ocrx_word' id='word_1_47' title='bbox 1624 899 1891 985; x_wconf 88' lang='grc' dir='ltr'><strong><em>στολάς,</em></strong></span> <span class='ocrx_word' id='word_1_48' title='bbox 1928 897 2135 979; x_wconf 76' lang='grc' dir='ltr'><strong><em>αὐτὸς</em></strong></span> <span class='ocrx_word' id='word_1_49' title='bbox 2153 874 2341 918; x_wconf 58' lang='lat' dir='ltr'>XXHH</span> 
     </span>
    </p>
   </div>
   <div class='ocr_carea' id='block_1_4' title="bbox 190 999 2327 2208">
    <p class='ocr_par' dir='ltr' id='par_1_4' title="bbox 190 999 2327 2208">
     <span class='ocr_line' id='line_1_8' title="bbox 192 999 2136 1089; baseline 0.001 -21"><span class='ocrx_word' id='word_1_50' title='bbox 192 1000 435 1089; x_wconf 79' lang='grc' dir='ltr'><strong><em>κιρρόιν</em></strong></span> <span class='ocrx_word' id='word_1_51' title='bbox 500 999 868 1069; x_wconf 79' lang='grc' dir='ltr'><strong><em>ἐνεδύσατο</em></strong></span> <span class='ocrx_word' id='word_1_52' title='bbox 939 1001 1056 1068; x_wconf 85' lang='grc' dir='ltr'><strong><em>καὶ</em></strong></span> <span class='ocrx_word' id='word_1_53' title='bbox 1119 1000 1411 1086; x_wconf 84' lang='grc' dir='ltr'><strong><em>διάδημα</em></strong></span> <span class='ocrx_word' id='word_1_54' title='bbox 1471 1001 1584 1068; x_wconf 84' lang='grc' dir='ltr'><strong><em>καὶ</em></strong></span> <span class='ocrx_word' id='word_1_55' title='bbox 1650 999 1962 1069; x_wconf 77' lang='grc' dir='ltr'><strong><em>διάλιθον</em></strong></span> <span class='ocrx_word' id='word_1_56' title='bbox 2023 1009 2136 1069; x_wconf 81' lang='grc' dir='ltr'><strong><em>κί-</em></strong></span> 
     </span>
     <span class='ocr_line' id='line_1_9' title="bbox 192 1098 2136 1190; baseline 0.001 -21"><span class='ocrx_word' id='word_1_57' title='bbox 192 1129 405 1190; x_wconf 89' lang='grc' dir='ltr'><strong><em>ταριν.</em></strong></span> <span class='ocrx_word' id='word_1_58' title='bbox 480 1102 595 1169; x_wconf 83' lang='grc' dir='ltr'><strong><em>καὶ</em></strong></span> <span class='ocrx_word' id='word_1_59' title='bbox 642 1101 1006 1181; x_wconf 84' lang='grc' dir='ltr'><strong><em>καθεσθεὶς</em></strong></span> <span class='ocrx_word' id='word_1_60' title='bbox 1061 1098 1174 1187; x_wconf 81' lang='grc' dir='ltr'><strong><em>ἐφ’</em></strong></span> <span class='ocrx_word' id='word_1_61' title='bbox 1225 1100 1501 1188; x_wconf 82' lang='grc' dir='ltr'><strong><em>ύψηλοῦ</em></strong></span> <span class='ocrx_word' id='word_1_62' title='bbox 1548 1106 1825 1187; x_wconf 90' lang='grc' dir='ltr'><strong><em>δίφρου,</em></strong></span> <span class='ocrx_word' id='word_1_63' title='bbox 1863 1104 1977 1170; x_wconf 83' lang='grc' dir='ltr'><strong><em>καὶ</em></strong></span> <span class='ocrx_word' id='word_1_64' title='bbox 2013 1101 2136 1171; x_wconf 81' lang='grc' dir='ltr'><strong><em>τὸν</em></strong></span> 
     </span>
     <span class='ocr_line' id='line_1_10' title="bbox 194 1201 2129 1292; baseline -0.002 -19"><span class='ocrx_word' id='word_1_65' title='bbox 194 1214 525 1273; x_wconf 76' lang='grc' dir='ltr'><strong><em>Αἴσωπον</em></strong></span> <span class='ocrx_word' id='word_1_66' title='bbox 562 1204 960 1289; x_wconf 80' lang='grc' dir='ltr'><strong><em>εἰσαχθῆναι</em></strong></span> <span class='ocrx_word' id='word_1_67' title='bbox 1007 1201 1358 1288; x_wconf 85' lang='grc' dir='ltr'><strong><em>κελεύσας,</em></strong></span> <span class='ocrx_word' id='word_1_68' title='bbox 1411 1210 1594 1288; x_wconf 90' lang='grc' dir='ltr'><strong><em>,,τίνι</em></strong></span> <span class='ocrx_word' id='word_1_69' title='bbox 1639 1230 1720 1289; x_wconf 84' lang='grc' dir='ltr'><strong><em>με</em></strong></span> <span class='ocrx_word' id='word_1_70' title='bbox 1784 1202 2129 1292; x_wconf 79' lang='grc' dir='ltr'><strong><em>είκάζεις,“</em></strong></span> 
     </span>
     <span class='ocr_line' id='line_1_11' title="bbox 194 1302 2212 1391; baseline 0.001 -17"><span class='ocrx_word' id='word_1_71' title='bbox 194 1303 577 1374; x_wconf 81' lang='grc' dir='ltr'><strong><em>εἰσελθόντι</em></strong></span> <span class='ocrx_word' id='word_1_72' title='bbox 625 1311 836 1391; x_wconf 84' lang='grc' dir='ltr'><strong><em>φησίν</em></strong></span> <span class='ocrx_word' id='word_1_73' title='bbox 902 1314 1263 1390; x_wconf 83' lang='grc' dir='ltr'><strong><em>,,Αἰ’σωπε,</em></strong></span> <span class='ocrx_word' id='word_1_74' title='bbox 1327 1303 1441 1371; x_wconf 85' lang='grc' dir='ltr'><strong><em>καὶ</em></strong></span> <span class='ocrx_word' id='word_1_75' title='bbox 1487 1303 1650 1382; x_wconf 80' lang='grc' dir='ltr'><strong><em>τούς</em></strong></span> <span class='ocrx_word' id='word_1_76' title='bbox 1701 1302 1834 1372; x_wconf 77' lang='grc' dir='ltr'><strong><em>σύν</em></strong></span> <span class='ocrx_word' id='word_1_77' title='bbox 1898 1305 2131 1391; x_wconf 76' lang='grc' dir='ltr'><strong><em>ἕμοί“;</em></strong></span> <span class='ocrx_word' id='word_1_78' title='bbox 2160 1338 2212 1376; x_wconf 87' lang='lat'><strong><em>10</em></strong></span> 
     </span>
     <span class='ocr_line' id='line_1_12' title="bbox 192 1402 2134 1496; baseline 0 -22"><span class='ocrx_word' id='word_1_79' title='bbox 192 1408 311 1474; x_wconf 85' lang='grc' dir='ltr'><strong><em>καὶ</em></strong></span> <span class='ocrx_word' id='word_1_80' title='bbox 349 1402 454 1485; x_wconf 82' lang='grc' dir='ltr'><strong><em>ὅς·</em></strong></span> <span class='ocrx_word' id='word_1_81' title='bbox 499 1404 625 1492; x_wconf 53' lang='lat' dir='ltr'><strong><em>„ab</em></strong></span> <span class='ocrx_word' id='word_1_82' title='bbox 659 1404 785 1492; x_wconf 74' lang='grc' dir='ltr'><strong><em>μὲν</em></strong></span> <span class='ocrx_word' id='word_1_83' title='bbox 821 1402 994 1496; x_wconf 80' lang='grc' dir='ltr'><strong><em>ἡλίῳ</em></strong></span> <span class='ocrx_word' id='word_1_84' title='bbox 1034 1407 1305 1496; x_wconf 79' lang='grc' dir='ltr'><strong><em>ἐαρινῷ,</em></strong></span> <span class='ocrx_word' id='word_1_85' title='bbox 1353 1404 1515 1484; x_wconf 79' lang='grc' dir='ltr'><strong><em>τούς</em></strong></span> <span class='ocrx_word' id='word_1_86' title='bbox 1553 1404 1626 1473; x_wconf 74' lang='grc' dir='ltr'><strong><em>δὲ</em></strong></span> <span class='ocrx_word' id='word_1_87' title='bbox 1665 1408 1819 1493; x_wconf 86' lang='grc' dir='ltr'><strong><em>περὶ</em></strong></span> <span class='ocrx_word' id='word_1_88' title='bbox 1856 1405 1931 1473; x_wconf 74' lang='grc' dir='ltr'><strong><em>σὲ</em></strong></span> <span class='ocrx_word' id='word_1_89' title='bbox 1966 1406 2134 1474; x_wconf 84' lang='grc' dir='ltr'><strong><em>τού-</em></strong></span> 
     </span>
     <span class='ocr_line' id='line_1_13' title="bbox 194 1502 2131 1595; baseline -0.001 -19"><span class='ocrx_word' id='word_1_90' title='bbox 194 1535 357 1588; x_wconf 91' lang='grc' dir='ltr'><strong><em>τους</em></strong></span> <span class='ocrx_word' id='word_1_91' title='bbox 408 1505 682 1595; x_wconf 74' lang='grc' dir='ltr'><strong><em>ὦραίοις</em></strong></span> <span class='ocrx_word' id='word_1_92' title='bbox 731 1506 1083 1592; x_wconf 81' lang='grc' dir='ltr'><strong><em>στάχυσι.“</em></strong></span> <span class='ocrx_word' id='word_1_93' title='bbox 1179 1508 1294 1575; x_wconf 85' lang='grc' dir='ltr'><strong><em>καὶ</em></strong></span> <span class='ocrx_word' id='word_1_94' title='bbox 1344 1502 1379 1574; x_wconf 87' lang='grc' dir='ltr'>ὁ</span> <span class='ocrx_word' id='word_1_95' title='bbox 1416 1505 1732 1593; x_wconf 75' lang='grc' dir='ltr'><strong><em>βασιλεύς</em></strong></span> <span class='ocrx_word' id='word_1_96' title='bbox 1768 1507 2131 1594; x_wconf 79' lang='grc' dir='ltr'><strong><em>θαυμάσας</em></strong></span> 
     </span>
     <span class='ocr_line' id='line_1_14' title="bbox 194 1607 2174 1697; baseline -0.001 -19"><span class='ocrx_word' id='word_1_97' title='bbox 194 1608 410 1678; x_wconf 80' lang='grc' dir='ltr'><strong><em>αὐτὸν</em></strong></span> <span class='ocrx_word' id='word_1_98' title='bbox 460 1609 575 1677; x_wconf 84' lang='grc' dir='ltr'><strong><em>καὶ</em></strong></span> <span class='ocrx_word' id='word_1_99' title='bbox 638 1608 881 1696; x_wconf 72' lang='grc' dir='ltr'><strong><em>δώροις</em></strong></span> <span class='ocrx_word' id='word_1_100' title='bbox 935 1607 1346 1688; x_wconf 73' lang='grc' dir='ltr'><strong><em>ἐδεξιώσατο.</em></strong></span> <span class='ocrx_word' id='word_1_101' title='bbox 1431 1611 1513 1695; x_wconf 81' lang='grc' dir='ltr'><strong><em>τῇ</em></strong></span> <span class='ocrx_word' id='word_1_102' title='bbox 1554 1607 1630 1677; x_wconf 74' lang='grc' dir='ltr'><strong><em>δὲ</em></strong></span> <span class='ocrx_word' id='word_1_103' title='bbox 1677 1607 1821 1695; x_wconf 84' lang='grc' dir='ltr'><strong><em>μετ’</em></strong></span> <span class='ocrx_word' id='word_1_104' title='bbox 1867 1612 2174 1697; x_wconf 83' lang='grc' dir='ltr'><strong><em>ἐκείνην’</em></strong></span> 
     </span>
     <span class='ocr_line' id='line_1_15' title="bbox 190 1706 2327 1802; baseline 0.002 -23"><span class='ocrx_word' id='word_1_105' title='bbox 190 1710 411 1802; x_wconf 76' lang='grc' dir='ltr'><strong><em>ἡμέρᾳ</em></strong></span> <span class='ocrx_word' id='word_1_106' title='bbox 450 1710 653 1778; x_wconf 87' lang='grc' dir='ltr'><strong><em>πάλιν</em></strong></span> <span class='ocrx_word' id='word_1_107' title='bbox 691 1708 727 1778; x_wconf 90' lang='grc' dir='ltr'>ὁ</span> <span class='ocrx_word' id='word_1_108' title='bbox 766 1709 892 1797; x_wconf 72' lang='grc' dir='ltr'><strong><em>μὲν</em></strong></span> <span class='ocrx_word' id='word_1_109' title='bbox 927 1706 1244 1796; x_wconf 75' lang='grc' dir='ltr'><strong><em>βασιλεύς</em></strong></span> <span class='ocrx_word' id='word_1_110' title='bbox 1284 1708 1529 1795; x_wconf 86' lang='grc' dir='ltr'><strong><em>στολὴν</em></strong></span> <span class='ocrx_word' id='word_1_111' title='bbox 1566 1710 1977 1798; x_wconf 85' lang='grc' dir='ltr'><strong><em>λευκοτάτην</em></strong></span> <span class='ocrx_word' id='word_1_112' title='bbox 2017 1714 2130 1779; x_wconf 76' lang='grc' dir='ltr'><strong><em>ἐν·</em></strong></span> <span class='ocrx_word' id='word_1_113' title='bbox 2166 1742 2327 1794; x_wconf 83' lang='lat' dir='ltr'>p.84b.</span> 
     </span>
     <span class='ocr_line' id='line_1_16' title="bbox 196 1809 2210 1899; baseline 0.001 -19"><span class='ocrx_word' id='word_1_114' title='bbox 196 1810 723 1899; x_wconf 78' lang='grc' dir='ltr'><strong><em>σκευασάμενος,</em></strong></span> <span class='ocrx_word' id='word_1_115' title='bbox 757 1826 900 1889; x_wconf 81' lang='grc' dir='ltr'><strong><em>τοῖς</em></strong></span> <span class='ocrx_word' id='word_1_116' title='bbox 937 1809 1013 1878; x_wconf 77' lang='grc' dir='ltr'><strong><em>δε</em></strong></span> <span class='ocrx_word' id='word_1_117' title='bbox 1050 1818 1274 1896; x_wconf 84' lang='grc' dir='ltr'><strong><em>φίλοις</em></strong></span> <span class='ocrx_word' id='word_1_118' title='bbox 1304 1817 1613 1897; x_wconf 82' lang='grc' dir='ltr'><strong><em>φοινικᾶς</em></strong></span> <span class='ocrx_word' id='word_1_119' title='bbox 1649 1813 1969 1892; x_wconf 86' lang='grc' dir='ltr'><strong><em>κελεύσας</em></strong></span> <span class='ocrx_word' id='word_1_120' title='bbox 2009 1821 2129 1880; x_wconf 87' lang='grc' dir='ltr'><strong><em>λα-</em></strong></span> <span class='ocrx_word' id='word_1_121' title='bbox 2161 1842 2210 1894; x_wconf 69' lang='lat'><strong><em>15</em></strong></span> 
     </span>
     <span class='ocr_line' id='line_1_17' title="bbox 190 1906 2133 2002; baseline -0.001 -19"><span class='ocrx_word' id='word_1_122' title='bbox 190 1922 368 2002; x_wconf 80' lang='grc' dir='ltr'><strong><em>βεῖν,</em></strong></span> <span class='ocrx_word' id='word_1_123' title='bbox 410 1913 811 1983; x_wconf 87' lang='grc' dir='ltr'><strong><em>εἰσελθόντα</em></strong></span> <span class='ocrx_word' id='word_1_124' title='bbox 860 1910 981 1980; x_wconf 85' lang='grc' dir='ltr'><strong><em>τὸν</em></strong></span> <span class='ocrx_word' id='word_1_125' title='bbox 1018 1921 1346 1980; x_wconf 80' lang='grc' dir='ltr'><strong><em>Αἴσωπον</em></strong></span> <span class='ocrx_word' id='word_1_126' title='bbox 1381 1912 1505 1997; x_wconf 79' lang='grc' dir='ltr'><strong><em>τὴν</em></strong></span> <span class='ocrx_word' id='word_1_127' title='bbox 1556 1915 1894 2001; x_wconf 80' lang='grc' dir='ltr'><strong><em>προτέραν</em></strong></span> <span class='ocrx_word' id='word_1_128' title='bbox 1923 1906 2133 1993; x_wconf 80' lang='grc' dir='ltr'><strong><em>αὖθις</em></strong></span> 
     </span>
     <span class='ocr_line' id='line_1_18' title="bbox 194 2011 2133 2102; baseline 0 -18"><span class='ocrx_word' id='word_1_129' title='bbox 194 2021 439 2086; x_wconf 84' lang='grc' dir='ltr'><strong><em>πεῦσιν</em></strong></span> <span class='ocrx_word' id='word_1_130' title='bbox 489 2014 799 2085; x_wconf 81' lang='grc' dir='ltr'><strong><em>ἐπύθετο.</em></strong></span> <span class='ocrx_word' id='word_1_131' title='bbox 899 2014 1011 2082; x_wconf 84' lang='grc' dir='ltr'><strong><em>καὶ</em></strong></span> <span class='ocrx_word' id='word_1_132' title='bbox 1062 2011 1109 2080; x_wconf 86' lang='grc' dir='ltr'><strong><em>ὁ.</em></strong></span> <span class='ocrx_word' id='word_1_133' title='bbox 1152 2013 1479 2093; x_wconf 63' lang='grc' dir='ltr'><strong><em>Αἴσωπος-</em></strong></span> <span class='ocrx_word' id='word_1_134' title='bbox 1524 2012 1658 2099; x_wconf 75' lang='grc' dir='ltr'><strong><em>,,σὲ</em></strong></span> <span class='ocrx_word' id='word_1_135' title='bbox 1708 2013 1891 2102; x_wconf 75' lang='grc' dir='ltr'><strong><em>μὲν“</em></strong></span> <span class='ocrx_word' id='word_1_136' title='bbox 1945 2013 2133 2098; x_wconf 78' lang='grc' dir='ltr'><strong><em>εἶπεν</em></strong></span> 
     </span>
     <span class='ocr_line' id='line_1_19' title="bbox 197 2114 2132 2208; baseline -0.001 -22"><span class='ocrx_word' id='word_1_137' title='bbox 197 2116 484 2206; x_wconf 81' lang='grc' dir='ltr'><strong><em>,,εἰκάζω</em></strong></span> <span class='ocrx_word' id='word_1_138' title='bbox 519 2116 717 2208; x_wconf 82' lang='grc' dir='ltr'><strong><em>ἡλίῳ,</em></strong></span> <span class='ocrx_word' id='word_1_139' title='bbox 752 2114 916 2195; x_wconf 75' lang='grc' dir='ltr'><strong><em>τούς</em></strong></span> <span class='ocrx_word' id='word_1_140' title='bbox 944 2115 1020 2184; x_wconf 70' lang='grc' dir='ltr'><strong><em>δὲ</em></strong></span> <span class='ocrx_word' id='word_1_141' title='bbox 1049 2116 1202 2201; x_wconf 83' lang='grc' dir='ltr'><strong><em>περὶ</em></strong></span> <span class='ocrx_word' id='word_1_142' title='bbox 1231 2115 1306 2183; x_wconf 73' lang='grc' dir='ltr'><strong><em>σὲ</em></strong></span> <span class='ocrx_word' id='word_1_143' title='bbox 1337 2117 1622 2194; x_wconf 75' lang='grc' dir='ltr'><strong><em>τούτους</em></strong></span> <span class='ocrx_word' id='word_1_144' title='bbox 1661 2114 1950 2185; x_wconf 80' lang='grc' dir='ltr'><strong><em>άκτϊσι“.</em></strong></span> <span class='ocrx_word' id='word_1_145' title='bbox 2016 2119 2132 2186; x_wconf 83' lang='grc' dir='ltr'><strong><em>καὶ</em></strong></span> 
     </span>
    </p>
   </div>
   <div class='ocr_carea' id='block_1_5' title="bbox 192 2270 2133 2480">
    <p class='ocr_par' dir='ltr' id='par_1_5' title="bbox 192 2270 2133 2480">
     <span class='ocr_line' id='line_1_20' title="bbox 334 2270 2133 2345; baseline 0.001 -16"><span class='ocrx_word' id='word_1_146' title='bbox 334 2284 355 2328; x_wconf 89' lang='grc'>1</span> <span class='ocrx_word' id='word_1_147' title='bbox 398 2271 585 2345; x_wconf 81' lang='grc' dir='ltr'><strong><em>άπῆρε</em></strong></span> <span class='ocrx_word' id='word_1_148' title='bbox 620 2279 668 2329; x_wconf 98' lang='lat' dir='ltr'>A</span> <span class='ocrx_word' id='word_1_149' title='bbox 704 2273 948 2342; x_wconf 78' lang='grc' dir='ltr'><strong><em>α’πείρεν</em></strong></span> <span class='ocrx_word' id='word_1_150' title='bbox 985 2279 1027 2327; x_wconf 92' lang='grc' dir='ltr'>Ρ</span> <span class='ocrx_word' id='word_1_151' title='bbox 1152 2270 1322 2344; x_wconf 83' lang='grc' dir='ltr'><strong><em>δόξα]</em></strong></span> <span class='ocrx_word' id='word_1_152' title='bbox 1364 2279 1619 2343; x_wconf 82' lang='lat' dir='ltr'>splendor</span> <span class='ocrx_word' id='word_1_153' title='bbox 1740 2272 2133 2345; x_wconf 65' lang='lat' dir='ltr'><strong><em>2&#39;vsutsvafic5</em></strong></span> 
     </span>
     <span class='ocr_line' id='line_1_21' title="bbox 194 2343 2132 2427; baseline 0.001 -30"><span class='ocrx_word' id='word_1_154' title='bbox 194 2350 484 2413; x_wconf 78' lang='lat' dir='ltr'><em>Psemper·‚</em></span> <span class='ocrx_word' id='word_1_155' title='bbox 522 2345 779 2413; x_wconf 77' lang='grc' dir='ltr'><strong><em>κτεναβῶ</em></strong></span> <span class='ocrx_word' id='word_1_156' title='bbox 816 2347 863 2396; x_wconf 89' lang='grc' dir='ltr'>Ε</span> <span class='ocrx_word' id='word_1_157' title='bbox 968 2347 1002 2396; x_wconf 84' lang='grc'>4</span> <span class='ocrx_word' id='word_1_158' title='bbox 1038 2343 1183 2412; x_wconf 85' lang='grc' dir='ltr'><strong><em>φησὶ</em></strong></span> <span class='ocrx_word' id='word_1_159' title='bbox 1219 2352 1343 2405; x_wconf 82' lang='grc' dir='ltr'><strong><em>τοίς</em></strong></span> <span class='ocrx_word' id='word_1_160' title='bbox 1382 2347 1576 2427; x_wconf 75' lang='grc' dir='ltr'><strong><em>φίλοις</em></strong></span> <span class='ocrx_word' id='word_1_161' title='bbox 1620 2349 1975 2426; x_wconf 58' lang='lat' dir='ltr'><strong><em>coniungenda</em></strong></span> <span class='ocrx_word' id='word_1_162' title='bbox 2020 2364 2132 2399; x_wconf 77' lang='lat' dir='ltr'><em>esse</em></span> 
     </span>
     <span class='ocr_line' id='line_1_22' title="bbox 192 2414 2133 2480; baseline 0.001 -14"><span class='ocrx_word' id='word_1_163' title='bbox 192 2432 299 2466; x_wconf 78' lang='lat' dir='ltr'><strong><em>eum</em></strong></span> <span class='ocrx_word' id='word_1_164' title='bbox 342 2417 598 2465; x_wconf 71' lang='lat' dir='ltr'><strong><em>sententia</em></strong></span> <span class='ocrx_word' id='word_1_165' title='bbox 643 2423 739 2464; x_wconf 78' lang='lat' dir='ltr'><strong><em>tum</em></strong></span> <span class='ocrx_word' id='word_1_166' title='bbox 775 2414 845 2464; x_wconf 93' lang='lat' dir='ltr'>W</span> <span class='ocrx_word' id='word_1_167' title='bbox 882 2415 1093 2465; x_wconf 69' lang='lat' dir='ltr'><em>docentz</em></span> <span class='ocrx_word' id='word_1_168' title='bbox 1148 2415 1686 2480; x_wconf 79' lang='grc' dir='ltr'><strong><em>μετακαλεσαμενος</em></strong></span> <span class='ocrx_word' id='word_1_169' title='bbox 1741 2431 1876 2475; x_wconf 85' lang='grc' dir='ltr'><strong><em>τους</em></strong></span> <span class='ocrx_word' id='word_1_170' title='bbox 1925 2415 2133 2480; x_wconf 84' lang='grc' dir='ltr'><strong><em>φίλους</em></strong></span> 
     </span>
    </p>
   </div>
   <div class='ocr_carea' id='block_1_6' title="bbox 82 2499 2135 3696">
    <p class='ocr_par' dir='ltr' id='par_1_6' title="bbox 82 2499 2135 3696">
     <span class='ocr_line' id='line_1_23' title="bbox 1269 2499 1348 2545; baseline 0 -12"><span class='ocrx_word' id='word_1_171' title='bbox 1269 2499 1348 2545; x_wconf 88' lang='grc' dir='ltr'><strong><em>μα</em></strong></span> 
     </span>
     <span class='ocr_line' id='line_1_24' title="bbox 193 2542 2132 2614; baseline -0.001 -15"><span class='ocrx_word' id='word_1_172' title='bbox 193 2544 375 2602; x_wconf 81' lang='grc' dir='ltr'><strong><em>εἶπεν.</em></strong></span> <span class='ocrx_word' id='word_1_173' title='bbox 482 2552 600 2605; x_wconf 80' lang='grc' dir='ltr'><strong><em>τοῖς</em></strong></span> <span class='ocrx_word' id='word_1_174' title='bbox 638 2547 834 2612; x_wconf 84' lang='grc' dir='ltr'><strong><em>φίλοις</em></strong></span> <span class='ocrx_word' id='word_1_175' title='bbox 871 2548 1021 2614; x_wconf 88' lang='grc' dir='ltr'><strong><em>φησί</em></strong></span> <span class='ocrx_word' id='word_1_176' title='bbox 1053 2548 1100 2598; x_wconf 88' lang='grc' dir='ltr'><strong><em>Φ</em></strong></span> <span class='ocrx_word' id='word_1_177' title='bbox 1229 2542 1502 2614; x_wconf 77' lang='grc' dir='ltr'><strong><em>μεθηκώς</em></strong></span> <span class='ocrx_word' id='word_1_178' title='bbox 1540 2549 1588 2598; x_wconf 92' lang='lat' dir='ltr'>V</span> <span class='ocrx_word' id='word_1_179' title='bbox 1708 2551 1739 2599; x_wconf 87' lang='grc'>6</span> <span class='ocrx_word' id='word_1_180' title='bbox 1777 2551 1823 2599; x_wconf 87' lang='grc' dir='ltr'><strong><em>λ.</em></strong></span> <span class='ocrx_word' id='word_1_181' title='bbox 1860 2548 2132 2614; x_wconf 79' lang='grc' dir='ltr'><strong><em>περιβαλ-</em></strong></span> 
     </span>
     <span class='ocr_line' id='line_1_25' title="bbox 194 2608 2131 2683; baseline -0.001 -16"><span class='ocrx_word' id='word_1_182' title='bbox 194 2612 402 2667; x_wconf 84' lang='grc' dir='ltr'><strong><em>λέσθαι</em></strong></span> <span class='ocrx_word' id='word_1_183' title='bbox 450 2630 497 2668; x_wconf 91' lang='grc' dir='ltr'><strong><em>σ.</em></strong></span> <span class='ocrx_word' id='word_1_184' title='bbox 551 2616 599 2665; x_wconf 92' lang='lat' dir='ltr'>V</span> <span class='ocrx_word' id='word_1_185' title='bbox 633 2616 679 2664; x_wconf 87' lang='lat' dir='ltr'>E</span> <span class='ocrx_word' id='word_1_186' title='bbox 739 2617 785 2670; x_wconf 83' lang='grc' dir='ltr'><strong><em>λ.</em></strong></span> <span class='ocrx_word' id='word_1_187' title='bbox 832 2609 1037 2674; x_wconf 73' lang='grc' dir='ltr'><strong><em>στολὰς</em></strong></span> <span class='ocrx_word' id='word_1_188' title='bbox 1081 2612 1508 2683; x_wconf 83' lang='grc' dir='ltr'><strong><em>περιβαλέσθαι</em></strong></span> <span class='ocrx_word' id='word_1_189' title='bbox 1553 2616 1627 2678; x_wconf 85' lang='grc' dir='ltr'><strong><em>ΣΤ;</em></strong></span> <span class='ocrx_word' id='word_1_190' title='bbox 1694 2613 1877 2681; x_wconf 82' lang='grc' dir='ltr'><strong><em>περιβ.</em></strong></span> <span class='ocrx_word' id='word_1_191' title='bbox 1927 2608 2131 2673; x_wconf 76' lang='grc' dir='ltr'><strong><em>στολὰς</em></strong></span> 
     </span>
     <span class='ocr_line' id='line_1_26' title="bbox 191 2676 2135 2748; baseline -0.001 -12"><span class='ocrx_word' id='word_1_192' title='bbox 191 2701 286 2736; x_wconf 86' lang='lat' dir='ltr'><strong><em>om.</em></strong></span> <span class='ocrx_word' id='word_1_193' title='bbox 324 2686 368 2734; x_wconf 92' lang='lat' dir='ltr'>P</span> <span class='ocrx_word' id='word_1_194' title='bbox 510 2687 538 2734; x_wconf 88' lang='grc'>7</span> <span class='ocrx_word' id='word_1_195' title='bbox 574 2676 779 2747; x_wconf 75' lang='grc' dir='ltr'><strong><em>κιρροὶν</em></strong></span> <span class='ocrx_word' id='word_1_196' title='bbox 815 2686 1031 2748; x_wconf 79' lang='lat' dir='ltr'><em>scripsi:</em></span> <span class='ocrx_word' id='word_1_197' title='bbox 1079 2676 1241 2748; x_wconf 78' lang='grc' dir='ltr'><strong><em>ἕρίαν</em></strong></span> <span class='ocrx_word' id='word_1_198' title='bbox 1280 2685 1352 2746; x_wconf 68' lang='lat' dir='ltr'><strong><em>Q}</em></strong></span> <span class='ocrx_word' id='word_1_199' title='bbox 1402 2677 1572 2747; x_wconf 76' lang='grc' dir='ltr'><strong><em>ἔρέαν</em></strong></span> <span class='ocrx_word' id='word_1_200' title='bbox 1615 2687 1777 2734; x_wconf 79' lang='lat' dir='ltr'><strong><em>ceteri</em></strong></span> <span class='ocrx_word' id='word_1_201' title='bbox 1819 2684 1949 2744; x_wconf 80' lang='lat' dir='ltr'><strong><em>libri,</em></strong></span> <span class='ocrx_word' id='word_1_202' title='bbox 2032 2686 2135 2734; x_wconf 81' lang='lat' dir='ltr'><strong><em>uod</em></strong></span> 
     </span>
     <span class='ocr_line' id='line_1_27' title="bbox 133 2743 2130 2817; baseline 0.001 -15"><span class='ocrx_word' id='word_1_203' title='bbox 133 2759 140 2774; x_wconf 78' lang='lat'>⁶</span> <span class='ocrx_word' id='word_1_204' title='bbox 188 2755 432 2816; x_wconf 75' lang='lat' dir='ltr'><em>scriptum</em></span> <span class='ocrx_word' id='word_1_205' title='bbox 467 2754 695 2817; x_wconf 74' lang='lat' dir='ltr'><em>oportuit</em></span> <span class='ocrx_word' id='word_1_206' title='bbox 731 2743 928 2815; x_wconf 73' lang='grc' dir='ltr'><strong><em>ἐρεᾶνς</em></strong></span> <span class='ocrx_word' id='word_1_207' title='bbox 970 2744 1133 2815; x_wconf 79' lang='grc' dir='ltr'><strong><em>ἷεράν</em></strong></span> <span class='ocrx_word' id='word_1_208' title='bbox 1169 2751 1239 2801; x_wconf 93' lang='lat' dir='ltr'>W</span> <span class='ocrx_word' id='word_1_209' title='bbox 1370 2743 1653 2803; x_wconf 75' lang='grc' dir='ltr'><strong><em>ἐνδύσατο</em></strong></span> <span class='ocrx_word' id='word_1_210' title='bbox 1688 2751 1736 2801; x_wconf 94' lang='lat' dir='ltr'>A</span> <span class='ocrx_word' id='word_1_211' title='bbox 1863 2748 1962 2802; x_wconf 74' lang='grc' dir='ltr'><strong><em>καὶ</em></strong></span> <span class='ocrx_word' id='word_1_212' title='bbox 2040 2744 2130 2803; x_wconf 75' lang='grc' dir='ltr'><strong><em>ια’·</em></strong></span> 
     </span>
     <span class='ocr_line' id='line_1_28' title="bbox 191 2809 1966 2884; baseline 0 -15"><span class='ocrx_word' id='word_1_213' title='bbox 191 2819 348 2884; x_wconf 88' lang='grc' dir='ltr'><strong><em>δημα</em></strong></span> <span class='ocrx_word' id='word_1_214' title='bbox 385 2835 478 2871; x_wconf 90' lang='lat' dir='ltr'><strong><em>om.</em></strong></span> <span class='ocrx_word' id='word_1_215' title='bbox 517 2820 566 2870; x_wconf 88' lang='grc' dir='ltr'><strong><em>Φ</em></strong></span> <span class='ocrx_word' id='word_1_216' title='bbox 739 2810 840 2870; x_wconf 79' lang='grc' dir='ltr'><strong><em>διὰ</em></strong></span> <span class='ocrx_word' id='word_1_217' title='bbox 879 2819 1053 2870; x_wconf 83' lang='grc' dir='ltr'><strong><em>λίθου</em></strong></span> <span class='ocrx_word' id='word_1_218' title='bbox 1092 2818 1139 2870; x_wconf 88' lang='grc' dir='ltr'><strong><em>Φ</em></strong></span> <span class='ocrx_word' id='word_1_219' title='bbox 1188 2809 1319 2882; x_wconf 81' lang='grc' dir='ltr'><strong><em>(διά</em></strong></span> <span class='ocrx_word' id='word_1_220' title='bbox 1357 2819 1433 2883; x_wconf 90' lang='grc' dir='ltr'><strong><em>Ρ)</em></strong></span> <span class='ocrx_word' id='word_1_221' title='bbox 1571 2818 1808 2883; x_wconf 78' lang='grc' dir='ltr'><strong><em>κίδαριν</em></strong></span> <span class='ocrx_word' id='word_1_222' title='bbox 1846 2819 1891 2882; x_wconf 78' lang='lat' dir='ltr'>Q</span> <span class='ocrx_word' id='word_1_223' title='bbox 1918 2819 1966 2869; x_wconf 87' lang='grc' dir='ltr'><strong><em>Φ</em></strong></span> 
     </span>
     <span class='ocr_line' id='line_1_29' title="bbox 190 2882 2130 2952; baseline 0.001 -15"><span class='ocrx_word' id='word_1_224' title='bbox 190 2890 221 2937; x_wconf 84' lang='grc'><strong>9</strong></span> <span class='ocrx_word' id='word_1_225' title='bbox 258 2886 375 2938; x_wconf 85' lang='grc' dir='ltr'><strong><em>τίνι</em></strong></span> <span class='ocrx_word' id='word_1_226' title='bbox 412 2885 578 2951; x_wconf 86' lang='grc' dir='ltr'><strong><em>(τίνει</em></strong></span> <span class='ocrx_word' id='word_1_227' title='bbox 617 2886 678 2951; x_wconf 86' lang='grc' dir='ltr'><strong><em>Ρ)</em></strong></span> <span class='ocrx_word' id='word_1_228' title='bbox 717 2902 787 2952; x_wconf 84' lang='grc' dir='ltr'><strong><em>με</em></strong></span> <span class='ocrx_word' id='word_1_229' title='bbox 828 2882 1173 2939; x_wconf 79' lang='grc' dir='ltr'><strong><em>εἰσελθόντα</em></strong></span> <span class='ocrx_word' id='word_1_230' title='bbox 1210 2882 1319 2939; x_wconf 66' lang='lat' dir='ltr'><strong><em>sla.</em></strong></span> <span class='ocrx_word' id='word_1_231' title='bbox 1360 2886 1542 2952; x_wconf 85' lang='grc' dir='ltr'><strong><em>φησίν</em></strong></span> <span class='ocrx_word' id='word_1_232' title='bbox 1581 2887 1628 2938; x_wconf 89' lang='grc' dir='ltr'><strong><em>Φ</em></strong></span> <span class='ocrx_word' id='word_1_233' title='bbox 1794 2891 1857 2937; x_wconf 88' lang='grc'><strong><em>10</em></strong></span> <span class='ocrx_word' id='word_1_234' title='bbox 1895 2885 2130 2952; x_wconf 84' lang='grc' dir='ltr'><strong><em>συνεμοὶ</em></strong></span> 
     </span>
     <span class='ocr_line' id='line_1_30' title="bbox 191 2947 2129 3020; baseline 0 -15"><span class='ocrx_word' id='word_1_235' title='bbox 191 2948 355 3014; x_wconf 81' lang='grc' dir='ltr'><strong><em>καιός</em></strong></span> <span class='ocrx_word' id='word_1_236' title='bbox 382 2957 436 3010; x_wconf 75' lang='grc' dir='ltr'><strong><em>,Ρ</em></strong></span> <span class='ocrx_word' id='word_1_237' title='bbox 568 2957 655 3004; x_wconf 84' lang='lat'><strong><em>-11</em></strong></span> <span class='ocrx_word' id='word_1_238' title='bbox 692 2952 825 3020; x_wconf 84' lang='grc' dir='ltr'><strong><em>περὶ</em></strong></span> <span class='ocrx_word' id='word_1_239' title='bbox 863 2969 925 3005; x_wconf 82' lang='grc' dir='ltr'><strong><em>σε</em></strong></span> <span class='ocrx_word' id='word_1_240' title='bbox 962 2954 1012 3002; x_wconf 92' lang='lat' dir='ltr'>D</span> <span class='ocrx_word' id='word_1_241' title='bbox 1037 2955 1089 3003; x_wconf 73' lang='grc' dir='ltr'><strong><em>Ζ·</em></strong></span> <span class='ocrx_word' id='word_1_242' title='bbox 1114 2949 1309 3017; x_wconf 73' lang='grc' dir='ltr'><strong><em>περισὲ</em></strong></span> <span class='ocrx_word' id='word_1_243' title='bbox 1347 2956 1389 3004; x_wconf 93' lang='grc' dir='ltr'>Ρ</span> <span class='ocrx_word' id='word_1_244' title='bbox 1549 2957 1613 3004; x_wconf 84' lang='grc'><strong><em>12</em></strong></span> <span class='ocrx_word' id='word_1_245' title='bbox 1648 2947 1874 3020; x_wconf 82' lang='grc' dir='ltr'><strong><em>στάχισι</em></strong></span> <span class='ocrx_word' id='word_1_246' title='bbox 1912 2954 1960 3004; x_wconf 94' lang='lat' dir='ltr'>A</span> <span class='ocrx_word' id='word_1_247' title='bbox 1997 2948 2129 3005; x_wconf 70' lang='grc' dir='ltr'><strong><em>στά·</em></strong></span> 
     </span>
     <span class='ocr_line' id='line_1_31' title="bbox 229 3014 2127 3087; baseline 0 -14"><span class='ocrx_word' id='word_1_248' title='bbox 229 3038 279 3073; x_wconf 89' lang='grc' dir='ltr'><strong><em>ει</em></strong></span> <span class='ocrx_word' id='word_1_249' title='bbox 314 3022 358 3071; x_wconf 93' lang='grc' dir='ltr'><strong><em>Ρ</em></strong></span> <span class='ocrx_word' id='word_1_250' title='bbox 395 3015 676 3087; x_wconf 80' lang='grc' dir='ltr'><strong><em>άστάχυσι</em></strong></span> <span class='ocrx_word' id='word_1_251' title='bbox 713 3023 758 3084; x_wconf 80' lang='lat' dir='ltr'><strong>Q</strong></span> <span class='ocrx_word' id='word_1_252' title='bbox 934 3024 996 3072; x_wconf 87' lang='lat'><strong><em>13</em></strong></span> <span class='ocrx_word' id='word_1_253' title='bbox 1033 3015 1411 3086; x_wconf 81' lang='grc' dir='ltr'><strong><em>ἐδεεξιώσατο</em></strong></span> <span class='ocrx_word' id='word_1_254' title='bbox 1449 3022 1488 3070; x_wconf 94' lang='grc' dir='ltr'><strong>Ζ</strong></span> <span class='ocrx_word' id='word_1_255' title='bbox 1524 3031 1578 3072; x_wconf 81' lang='lat' dir='ltr'><strong><em>ut</em></strong></span> <span class='ocrx_word' id='word_1_256' title='bbox 1613 3025 1818 3073; x_wconf 77' lang='lat' dir='ltr'><strong><em>uidetur</em></strong></span> <span class='ocrx_word' id='word_1_257' title='bbox 1999 3026 2061 3073; x_wconf 88' lang='lat'><strong><em>14</em></strong></span> <span class='ocrx_word' id='word_1_258' title='bbox 2098 3014 2127 3073; x_wconf 84' lang='grc' dir='ltr'>ὁ</span> 
     </span>
     <span class='ocr_line' id='line_1_32' title="bbox 190 3038 2125 3156; baseline 0.001 -17"><span class='ocrx_word' id='word_1_259' title='bbox 190 3038 314 3153; x_wconf 43' lang='lat' dir='ltr'><strong><em>fiac.</em></strong></span> <span class='ocrx_word' id='word_1_260' title='bbox 351 3082 529 3141; x_wconf 83' lang='grc' dir='ltr'><strong><em>πάλιν</em></strong></span> <span class='ocrx_word' id='word_1_261' title='bbox 570 3091 721 3140; x_wconf 82' lang='grc' dir='ltr'><strong><em>λευκ.</em></strong></span> <span class='ocrx_word' id='word_1_262' title='bbox 761 3085 971 3156; x_wconf 82' lang='grc' dir='ltr'><strong><em>στολὴν</em></strong></span> <span class='ocrx_word' id='word_1_263' title='bbox 1008 3082 1158 3140; x_wconf 75' lang='grc' dir='ltr'><strong><em>ἔνσκ.</em></strong></span> <span class='ocrx_word' id='word_1_264' title='bbox 1199 3088 1314 3154; x_wconf 87' lang='lat' dir='ltr'><strong>(om.</strong></span> <span class='ocrx_word' id='word_1_265' title='bbox 1348 3107 1402 3154; x_wconf 85' lang='lat' dir='ltr'><strong><em>p.</em></strong></span> <span class='ocrx_word' id='word_1_266' title='bbox 1440 3082 1566 3154; x_wconf 73' lang='grc' dir='ltr'><strong><em>μὲν)</em></strong></span> <span class='ocrx_word' id='word_1_267' title='bbox 1607 3090 1655 3139; x_wconf 89' lang='grc' dir='ltr'><strong><em>Φ</em></strong></span> <span class='ocrx_word' id='word_1_268' title='bbox 1789 3082 1996 3156; x_wconf 79' lang='grc' dir='ltr'><strong><em>στολὴν</em></strong></span> <span class='ocrx_word' id='word_1_269' title='bbox 2032 3107 2125 3142; x_wconf 86' lang='lat' dir='ltr'><strong><em>om.</em></strong></span> 
     </span>
     <span class='ocr_line' id='line_1_33' title="bbox 191 3151 2128 3221; baseline 0.001 -15"><span class='ocrx_word' id='word_1_270' title='bbox 191 3157 239 3206; x_wconf 81' lang='lat' dir='ltr'>R</span> <span class='ocrx_word' id='word_1_271' title='bbox 262 3159 307 3206; x_wconf 89' lang='lat' dir='ltr'>E</span> <span class='ocrx_word' id='word_1_272' title='bbox 339 3158 389 3207; x_wconf 89' lang='lat' dir='ltr'>H</span> <span class='ocrx_word' id='word_1_273' title='bbox 415 3157 455 3205; x_wconf 92' lang='lat' dir='ltr'>Z</span> <span class='ocrx_word' id='word_1_274' title='bbox 480 3158 533 3206; x_wconf 89' lang='lat' dir='ltr'><strong>K</strong></span> <span class='ocrx_word' id='word_1_275' title='bbox 555 3175 591 3207; x_wconf 83' lang='lat' dir='ltr'><strong>v</strong></span> <span class='ocrx_word' id='word_1_276' title='bbox 699 3160 761 3207; x_wconf 80' lang='lat'><strong><em>15</em></strong></span> <span class='ocrx_word' id='word_1_277' title='bbox 798 3151 1071 3221; x_wconf 73' lang='grc' dir='ltr'><strong><em>φοινικὰς</em></strong></span> <span class='ocrx_word' id='word_1_278' title='bbox 1109 3157 1157 3206; x_wconf 92' lang='lat' dir='ltr'>V</span> <span class='ocrx_word' id='word_1_279' title='bbox 1183 3160 1228 3208; x_wconf 76' lang='lat' dir='ltr'>R</span> <span class='ocrx_word' id='word_1_280' title='bbox 1254 3158 1316 3218; x_wconf 83' lang='lat' dir='ltr'><strong><em>b;</em></strong></span> <span class='ocrx_word' id='word_1_281' title='bbox 1354 3162 1404 3206; x_wconf 84' lang='lat' dir='ltr'><strong><em>in</em></strong></span> <span class='ocrx_word' id='word_1_282' title='bbox 1444 3157 1490 3219; x_wconf 82' lang='lat' dir='ltr'><strong>Q</strong></span> <span class='ocrx_word' id='word_1_283' title='bbox 1529 3173 1639 3207; x_wconf 81' lang='lat' dir='ltr'><strong><em>aco.</em></strong></span> <span class='ocrx_word' id='word_1_284' title='bbox 1680 3165 1859 3207; x_wconf 73' lang='lat' dir='ltr'><strong><em>acutus</em></strong></span> <span class='ocrx_word' id='word_1_285' title='bbox 1894 3161 2128 3209; x_wconf 82' lang='lat' dir='ltr'><strong><em>radendo</em></strong></span> 
     </span>
     <span class='ocr_line' id='line_1_34' title="bbox 188 3218 2002 3292; baseline 0.001 -18"><span class='ocrx_word' id='word_1_286' title='bbox 188 3227 360 3287; x_wconf 67' lang='lat' dir='ltr'><em>factus</em></span> <span class='ocrx_word' id='word_1_287' title='bbox 396 3242 423 3275; x_wconf 85' lang='lat' dir='ltr'><em>e</em></span> <span class='ocrx_word' id='word_1_288' title='bbox 458 3225 784 3289; x_wconf 73' lang='lat' dir='ltr'><em>circumflexo</em></span> <span class='ocrx_word' id='word_1_289' title='bbox 821 3275 825 3279; x_wconf 73' lang='grc'><strong><em>,</em></strong></span> <span class='ocrx_word' id='word_1_290' title='bbox 917 3223 1142 3292; x_wconf 84' lang='grc' dir='ltr'><strong><em>λαβεῖν]</em></strong></span> <span class='ocrx_word' id='word_1_291' title='bbox 1184 3224 1391 3290; x_wconf 76' lang='grc' dir='ltr'><strong><em>βαλεῖν</em></strong></span> <span class='ocrx_word' id='word_1_292' title='bbox 1425 3225 1474 3275; x_wconf 96' lang='lat' dir='ltr'>V</span> <span class='ocrx_word' id='word_1_293' title='bbox 1500 3224 1550 3272; x_wconf 94' lang='lat' dir='ltr'>D</span> <span class='ocrx_word' id='word_1_294' title='bbox 1588 3218 1918 3290; x_wconf 76' lang='grc' dir='ltr'><strong><em>ἕνδυθῆναι</em></strong></span> <span class='ocrx_word' id='word_1_295' title='bbox 1955 3225 2002 3275; x_wconf 90' lang='grc' dir='ltr'><strong><em>Φ</em></strong></span> 
     </span>
     <span class='ocr_line' id='line_1_35' title="bbox 195 3278 2000 3356; baseline 0 -15"><span class='ocrx_word' id='word_1_296' title='bbox 195 3295 253 3341; x_wconf 85' lang='grc'><strong><em>16</em></strong></span> <span class='ocrx_word' id='word_1_297' title='bbox 293 3288 651 3343; x_wconf 76' lang='grc' dir='ltr'><strong><em>εἰσελθῶντα</em></strong></span> <span class='ocrx_word' id='word_1_298' title='bbox 688 3293 727 3341; x_wconf 95' lang='grc' dir='ltr'><strong>Ζ</strong></span> <span class='ocrx_word' id='word_1_299' title='bbox 866 3286 967 3344; x_wconf 82' lang='grc' dir='ltr'><strong><em>τὸν</em></strong></span> <span class='ocrx_word' id='word_1_300' title='bbox 1006 3291 1174 3345; x_wconf 52' lang='lat' dir='ltr'><strong><em>alm...</em></strong></span> <span class='ocrx_word' id='word_1_301' title='bbox 1214 3278 1393 3350; x_wconf 76' lang='grc' dir='ltr'><strong><em>αὖθις</em></strong></span> <span class='ocrx_word' id='word_1_302' title='bbox 1430 3296 1483 3341; x_wconf 84' lang='lat' dir='ltr'><strong><em>in</em></strong></span> <span class='ocrx_word' id='word_1_303' title='bbox 1518 3308 1707 3342; x_wconf 77' lang='lat' dir='ltr'><strong><em>rasura</em></strong></span> <span class='ocrx_word' id='word_1_304' title='bbox 1744 3293 1785 3340; x_wconf 93' lang='lat' dir='ltr'>P</span> <span class='ocrx_word' id='word_1_305' title='bbox 1825 3309 1890 3341; x_wconf 87' lang='lat' dir='ltr'><strong><em>m.</em></strong></span> <span class='ocrx_word' id='word_1_306' title='bbox 1919 3307 2000 3356; x_wconf 83' lang='lat' dir='ltr'><strong><em>pr.</em></strong></span> 
     </span>
     <span class='ocr_line' id='line_1_36' title="bbox 195 3353 2129 3425; baseline 0 -16"><span class='ocrx_word' id='word_1_307' title='bbox 195 3362 253 3410; x_wconf 90' lang='grc'><strong><em>17</em></strong></span> <span class='ocrx_word' id='word_1_308' title='bbox 288 3356 496 3411; x_wconf 81' lang='grc' dir='ltr'><strong><em>πεῦσιν</em></strong></span> <span class='ocrx_word' id='word_1_309' title='bbox 527 3360 655 3422; x_wconf 78' lang='lat' dir='ltr'><strong><em>fecit</em></strong></span> <span class='ocrx_word' id='word_1_310' title='bbox 691 3376 762 3409; x_wconf 74' lang='lat' dir='ltr'><strong><em>ea:</em></strong></span> <span class='ocrx_word' id='word_1_311' title='bbox 797 3358 999 3418; x_wconf 82' lang='grc' dir='ltr'><strong><em>πεῦσις</em></strong></span> <span class='ocrx_word' id='word_1_312' title='bbox 1034 3360 1084 3410; x_wconf 82' lang='lat' dir='ltr'>R</span> <span class='ocrx_word' id='word_1_313' title='bbox 1119 3377 1186 3409; x_wconf 90' lang='lat' dir='ltr'><strong><em>m.</em></strong></span> <span class='ocrx_word' id='word_1_314' title='bbox 1211 3376 1291 3424; x_wconf 89' lang='lat' dir='ltr'><strong><em>pr.</em></strong></span> <span class='ocrx_word' id='word_1_315' title='bbox 1331 3354 1555 3425; x_wconf 85' lang='grc' dir='ltr'><strong><em>πεύσην</em></strong></span> <span class='ocrx_word' id='word_1_316' title='bbox 1593 3361 1633 3408; x_wconf 88' lang='grc' dir='ltr'>Ρ</span> <span class='ocrx_word' id='word_1_317' title='bbox 1759 3353 1919 3410; x_wconf 83' lang='grc' dir='ltr'><strong><em>εἶπεν</em></strong></span> <span class='ocrx_word' id='word_1_318' title='bbox 1956 3375 2050 3410; x_wconf 85' lang='lat' dir='ltr'><strong><em>om.</em></strong></span> <span class='ocrx_word' id='word_1_319' title='bbox 2077 3360 2129 3409; x_wconf 89' lang='lat' dir='ltr'><strong>K</strong></span> 
     </span>
     <span class='ocr_line' id='line_1_37' title="bbox 360 3419 2129 3479; baseline -0.001 -2"><span class='ocrx_word' id='word_1_320' title='bbox 360 3429 424 3478; x_wconf 83' lang='lat'><strong><em>18</em></strong></span> <span class='ocrx_word' id='word_1_321' title='bbox 471 3441 533 3478; x_wconf 87' lang='grc' dir='ltr'><strong><em>σε</em></strong></span> <span class='ocrx_word' id='word_1_322' title='bbox 577 3430 630 3477; x_wconf 81' lang='lat' dir='ltr'><strong><em>in</em></strong></span> <span class='ocrx_word' id='word_1_323' title='bbox 671 3445 862 3478; x_wconf 76' lang='lat' dir='ltr'><strong><em>rasura</em></strong></span> <span class='ocrx_word' id='word_1_324' title='bbox 904 3430 1058 3477; x_wconf 76' lang='lat' dir='ltr'><em>trium</em></span> <span class='ocrx_word' id='word_1_325' title='bbox 1100 3430 1387 3479; x_wconf 70' lang='lat' dir='ltr'><strong><em>litterarum</em></strong></span> <span class='ocrx_word' id='word_1_326' title='bbox 1431 3425 1482 3475; x_wconf 92' lang='lat' dir='ltr'>D</span> <span class='ocrx_word' id='word_1_327' title='bbox 1656 3419 1883 3477; x_wconf 80' lang='grc' dir='ltr'><strong><em>άκτίσιν</em></strong></span> <span class='ocrx_word' id='word_1_328' title='bbox 1920 3427 1969 3477; x_wconf 91' lang='lat' dir='ltr'>V</span> <span class='ocrx_word' id='word_1_329' title='bbox 2013 3430 2047 3476; x_wconf 82' lang='lat' dir='ltr'><strong><em>l.</em></strong></span> <span class='ocrx_word' id='word_1_330' title='bbox 2094 3443 2129 3475; x_wconf 90' lang='grc' dir='ltr'><strong><em>ν</em></strong></span> 
     </span>
     <span class='ocr_line' id='line_1_38' title="bbox 189 3486 2129 3561; baseline -0.002 -16"><span class='ocrx_word' id='word_1_331' title='bbox 189 3503 375 3561; x_wconf 80' lang='lat' dir='ltr'><em>puncto</em></span> <span class='ocrx_word' id='word_1_332' title='bbox 422 3496 565 3558; x_wconf 77' lang='lat' dir='ltr'><em>infr-a</em></span> <span class='ocrx_word' id='word_1_333' title='bbox 608 3498 805 3559; x_wconf 76' lang='lat' dir='ltr'><em>scripto</em></span> <span class='ocrx_word' id='word_1_334' title='bbox 851 3499 1045 3553; x_wconf 81' lang='lat' dir='ltr'><em>deleta,</em></span> <span class='ocrx_word' id='word_1_335' title='bbox 1092 3486 1289 3547; x_wconf 83' lang='grc' dir='ltr'><strong><em>α’κτῖσι</em></strong></span> <span class='ocrx_word' id='word_1_336' title='bbox 1334 3499 1532 3544; x_wconf 74' lang='lat' dir='ltr'><em>extrita</em></span> <span class='ocrx_word' id='word_1_337' title='bbox 1565 3497 1599 3544; x_wconf 88' lang='lat' dir='ltr'><strong><em>l.</em></strong></span> <span class='ocrx_word' id='word_1_338' title='bbox 1639 3512 1673 3545; x_wconf 90' lang='grc' dir='ltr'><strong><em>ν</em></strong></span> <span class='ocrx_word' id='word_1_339' title='bbox 1706 3494 1756 3543; x_wconf 94' lang='lat' dir='ltr'>D</span> <span class='ocrx_word' id='word_1_340' title='bbox 1806 3486 2035 3545; x_wconf 75' lang='grc' dir='ltr'><strong><em>ἀκτῖσιν</em></strong></span> <span class='ocrx_word' id='word_1_341' title='bbox 2072 3493 2129 3542; x_wconf 88' lang='grc' dir='ltr'>Μ</span> 
     </span>
     <span class='ocr_line' id='line_1_39' title="bbox 82 3556 757 3627; baseline -0.001 -14"><span class='ocrx_word' id='word_1_342' title='bbox 82 3560 99 3577; x_wconf 81' lang='lat'><strong>‘</strong></span> <span class='ocrx_word' id='word_1_343' title='bbox 190 3556 382 3614; x_wconf 82' lang='grc' dir='ltr'><strong><em>α’κτίσι</em></strong></span> <span class='ocrx_word' id='word_1_344' title='bbox 420 3562 469 3613; x_wconf 88' lang='lat' dir='ltr'><strong>R</strong></span> <span class='ocrx_word' id='word_1_345' title='bbox 493 3563 561 3627; x_wconf 80' lang='lat' dir='ltr'><strong><em>Q,</em></strong></span> <span class='ocrx_word' id='word_1_346' title='bbox 587 3563 630 3612; x_wconf 94' lang='lat' dir='ltr'>P</span> <span class='ocrx_word' id='word_1_347' title='bbox 657 3556 757 3627; x_wconf 82' lang='grc' dir='ltr'><strong><em>(ἁ.)</em></strong></span> 
     </span>
     <span class='ocr_line' id='line_1_40' title="bbox 435 3643 1922 3696; baseline -0.003 4"><span class='ocrx_word' id='word_1_348' title='bbox 435 3661 445 3671; x_wconf 82' lang='lat'><strong>‘</strong></span> <span class='ocrx_word' id='word_1_349' title='bbox 1826 3643 1922 3696; x_wconf 74' lang='lat'><strong><em>19*</em></strong></span> 
     </span>
    </p>
   </div>
  </div>
 </body>
</html>
