2563 4087
416 248 498 311 14
802 332 815 342 ,
1276 251 1317 299 Ι.
1356 265 1399 305 Β.
1440 254 1487 304 1.

419 389 1030 480 ,,ἀποχερσωθῆναι
1065 390 1269 458 πάλιν
1317 387 1439 458 τὸν
1487 388 1703 479 ἀγρὸν
1755 398 2120 477 πεποιήκεν
2160 420 2256 471 ως
2292 393 2381 460 τὸ

416 492 814 619 ,,πρότερον.
907 490 1010 561 διὸ
1048 494 1163 560 καὶ
1200 502 1322 560 τοῦ
1363 498 1487 560 σοῦ
1525 493 1819 584 κράτους
1858 492 2151 579 δεόμεθα
2174 547 2193 580 ,
2250 499 2380 564 ἵνα

418 591 509 682 ,,ἢ
546 594 667 664 τὸν
705 592 920 685 ἀγρὸν
960 594 1306 683 ἐργάζηται
1354 622 1475 730 ωςς
1481 592 1557 663 τὸ
1597 594 1967 684 πρότερον,
2015 590 2057 681 ἢ
2096 593 2376 664 ἀποκα-

415 702 786 784 ,,ταστῆσαι
819 702 1065 765 τοῦτον
1103 703 1199 776 εἰς
1234 695 1475 785 ἡμᾶς(ς
1533 696 1571 766 6
1611 697 1689 767 δὲ
1722 695 2039 785 βασιλεύς
2075 695 2203 783 τὴν
2246 704 2375 785 ἔγ-

359 827 385 866 5
412 806 647 886 κλησιν
682 799 941 887 ταύτην
992 797 1334 886 ἀκηκοώς,
1388 807 1507 885 ,,τί
1550 789 1738 867 οὗτοι
1773 797 2049 884 λέγουσι
2068 798 2133 881 ;“
2186 797 2374 888 πρὸς

410 901 526 969 τὸν
562 900 783 989 ἄνδρα
823 907 1028 989 ἔφησε
1061 904 1179 987 τῆς
1216 899 1561 989 γυναικός.
1619 900 1656 970 6
1697 900 1773 969 δὲ
1808 899 1981 990 ἀνὴρ
2016 905 2111 992 τῷ
2160 909 2370 989 βασι-

411 1011 519 1071 λεῐ
564 1002 1005 1092 ἀπεκρίνατο·
1073 1000 1249 1090 ,βσα
1309 1006 1407 1095 τῷ
1455 1002 1681 1092 κράτει
1742 1023 1868 1071 σου
1919 1001 2081 1091 παρ’
2120 1001 2369 1072 αὐτῶν

413 1103 840 1193 ,,ἀνηνέχθη,
890 1103 1112 1192 ἀληθῆ
1149 1112 1307 1174 εἰσι·
1356 1104 1475 1173 τὸν
1511 1104 1642 1193 γὰρ
1679 1103 1922 1194 ἀγρόν,
1958 1101 2039 1173 ὅν
2091 1130 2205 1192 μοι
2241 1109 2369 1173 δε-

412 1206 797 1293 ,,δω’κασιν,
861 1205 984 1294 ὅση
1033 1233 1146 1294 μοι
1203 1207 1490 1294 δύναμις
1537 1209 1984 1295 καλλιέργουν
2031 1208 2145 1274 καὶ
2195 1206 2363 1274 οὐδ’

332 1337 382 1374 10
410 1307 634 1395 ,,όλως
662 1311 1129 1397 παρημέλουν·
1170 1306 1319 1381 ἀλλ’
1358 1311 1432 1377 ἐν
1458 1311 1574 1398 μιᾷ
1602 1312 1741 1376 τῶν
1767 1307 2039 1397 ἡμερῶν
2060 1311 2133 1376 ἐν
2163 1307 2368 1398 αὐτῷ

203 1395 246 1433 ¹³
258 1385 378 1427 ²⁰3
414 1411 902 1499 ,,ε’ργαζόμενος
941 1420 1090 1497 ἴχνη
1128 1411 1401 1491 λέοντος
1440 1413 1748 1496 ἐντυχεῖν
1782 1438 1863 1498 με
1904 1410 2369 1498 συμβέβηκεν,

413 1509 508 1598 ,,ἁ“
543 1515 659 1580 καὶ
695 1512 1116 1613 θεασάμενος
1165 1510 1291 1580 οὐκ
1332 1517 1427 1581 ἔτι
1477 1507 1552 1580 τὸ
1601 1511 1721 1580 ἀπ’
1765 1516 2030 1581 ἐκείνου
2068 1512 2369 1599 πλησιά-

414 1633 575 1699 ,,σαι
620 1613 989 1701 τετόλμηκα
1034 1618 1129 1705 τῷ
1169 1613 1380 1706 ἀγρῷ.
1386 1613 1431 1646 “
1521 1612 1555 1681 6
1607 1614 1684 1682 δὲ
1729 1611 2046 1701 βασιλευς
2097 1617 2367 1694 ἐκεῖνος

407 1717 551 1781 τῶν
586 1715 916 1784 τοιούτων
953 1716 1271 1804 ῥημάτων
1308 1714 1646 1800 ἀκούσας,
1695 1719 1788 1806 τῷ
1829 1715 2032 1805 ἀνδρὶ
2068 1717 2187 1801 τῆς
2222 1742 2367 1801 γυ-

331 1843 380 1883 15
410 1815 644 1895 ναικὸς
695 1815 1255 1906 ἔφη·’,,ἀληθῶς
1306 1819 1561 1904 λέγεις,
1611 1809 1663 1884 ὦ
1715 1785 2065 1906 άνθρωπε·
2119 1817 2167 1884 ⁴6
2217 1816 2365 1906 γάρ

408 1920 637 2005 ,,λέων
693 1922 768 1987 ἐν
823 1922 917 2010 τῷ
968 1918 1158 2010 ἀγρῷ
1214 1919 1486 1998 πάντως
1540 1919 2016 2007 εἰσελήλυθεν,
2065 1917 2210 1987 ἀλλ’
2269 1918 2361 1988 οὐ

408 2021 629 2108 ,,κατά
688 2048 751 2091 τι
799 2019 922 2090 τὸν
974 2020 1193 2112 ἀγρόν
1244 2021 1657 2110 ἐλυμήνατο·
1722 2020 1870 2090 ἀλλ’
1926 2019 2087 2091 οὐδὲ
2147 2020 2365 2091 πάλιν

408 2126 675 2208 ,,ε’κε’ῖσε
713 2131 1048 2193 εἰσελθεῖν
1088 2124 1519 2213 ἐπιχειρήσει·
1568 2123 1810 2192 λοιπὸν
1868 2151 1958 2204 ως
1993 2123 2068 2191 τὸ
2107 2124 2363 2212 πρότε-

404 2250 583 2311 ,,ρον
630 2223 753 2293 τὸν
805 2227 1175 2295 ἐκδοθέντα
1226 2245 1331 2334 σοι
1380 2222 1597 2315 ἀγρὸν
1646 2225 1875 2314 κράτει
1909 2227 2024 2295 καὶ
2074 2224 2362 2313 ἀφόβως

321 2353 374 2391 20
404 2325 808 2414 ,,ε’ργάζου.“

570 2428 839 2516 Ταύτην
886 2426 1009 2515 τὴν
1047 2429 1356 2516 διήγησιν
1404 2427 1439 2496 ὁ
1477 2433 1741 2518 πρῶτος
1777 2429 2152 2517 φιλόσοφος
2188 2427 2358 2497 ἀνε-

402 2528 668 2616 νεγκών
718 2531 812 2621 τῷ
863 2536 1130 2617 βασιλεῖ
1188 2533 1397 2617 λέγει·
1463 2534 1737 2619 ,,ταῦτα
1796 2531 2247 2621 διηγησάμην,
2301 2521 2361 2599 ὦ

402 2634 719 2720 βασιλεῦ,
758 2637 875 2701 ἵνα
910 2636 1094 2724 γνῷς
1134 2633 1199 2712 ἐξ
1237 2632 1449 2720 αὐτῆς
1482 2636 1602 2718 τῆς
1639 2633 2042 2722 διηγήσεως,
2081 2633 2227 2711 πῶς
2262 2632 2355 2700 οὐ

406 2733 630 2801 πάντα
669 2739 777 2803 δεῖ
807 2733 891 2802 τὰ
929 2734 1483 2823 κατηγορούμενα
1518 2733 1689 2803 κατά
1714 2762 1895 2814 τινος
1930 2730 2348 2821 ἢὺποπτευ-

324 2861 374 2899 25
408 2835 622 2921 όμενα
660 2834 997 2904 πιστεύειν
1037 2835 1127 2916 ὥς
1165 2836 1426 2924 ἀληθῆ,
1474 2834 1627 2905 ἀλλ’
1664 2835 1828 2907 οὐδὲ
1876 2836 1995 2917 τάς
2032 2838 2357 2924 διαβολὰς

405 2934 708 3017 εὐκόλως
744 2936 1019 3006 ἀκούειν
1055 2940 1169 3008 καὶ
1210 2937 1664 3018 ἀνεξετάστως
1697 2939 1979 3022 δικάζειν
2019 2939 2134 3007 καὶ
2174 2937 2356 3005 ἀπο-

537 3240 569 3287 3
611 3229 1094 3305 οἷποκαταστήσῃὶ)
1129 3239 1371 3319 infinitivi
1399 3239 1669 3289 subiectum
1693 3245 1771 3287 est
1793 3254 1894 3288 rex
2031 3240 2062 3288 8
2098 3240 2204 3289 noli
2233 3255 2349 3290 cor·-

403 3308 577 3370 riyere
615 3297 731 3355 ἔστι
872 3308 903 3356 9
939 3291 1384 3392 ἐκάλλιέργουνῖ
1420 3301 1845 3371 καλλιήογουνῗ
1967 3296 2224 3385 οὖδόλως
2261 3311 2358 3357 alt-

404 3375 636 3438 quotiens
674 3375 824 3423 etiam
859 3376 908 3424 V
1048 3377 1107 3423 11
1149 3373 1280 3440 ἴχνη
1318 3373 1493 3424 ABV:
1538 3375 1837 3437 scripserim
1873 3371 2021 3440 ἴχνει
2059 3409 2073 3423 .
2097 3410 2108 3422 .
2145 3363 2207 3433 6,
2249 3391 2356 3425 non

404 3443 655 3490 immemor
692 3456 861 3491 eorum
898 3457 1028 3506 quae
1064 3443 1180 3492 dixi
1209 3458 1262 3506 p
1293 3445 1342 3503 3,
1380 3444 1439 3491 11
1548 3434 1848 3508 ἔντυγχεῖν
1884 3443 1931 3491 Α
2045 3444 2107 3492 18
2144 3411 2355 3494 ἕλ’θεῖν

400 3508 450 3553 V
591 3510 657 3558 22
695 3522 785 3558 σοι
820 3511 1069 3589 supplere
1098 3525 1199 3560 non
1233 3511 1439 3559 uidetur
1484 3512 1824 3561 necessarium
1961 3512 2026 3560 23
2071 3506 2193 3569 πῶς
2240 3513 2276 3564 ἰ.
2304 3526 2351 3561 e.

400 3592 497 3634 ως.
575 3574 768 3626 Corais
795 3575 966 3642 Στοχ.
993 3592 1222 3643 αυτοσχ.
1260 3585 1380 3628 ante
1407 3577 1703 3629 Aelianum
1736 3571 1835 3637 <ff
1868 3595 1914 3628 n.
1943 3580 1974 3627 2
