2563 4087
1044 209 1293 275 Aesopus
1328 210 1357 260 1
2045 211 2168 276 301

232 372 413 453 φησί
445 364 1253 456 ,,νηχόμενος,’μηρίνθ.ςο
1290 372 1503 455 λεπτῇ
1538 368 1661 436 τὸν
1698 367 1822 445 σὰν
1859 369 2038 438 πόδα
2074 374 2170 461 τῷ

233 469 536 555 ἐμαυτοῦ
572 466 1084 555 προσαρτήσω“.
1140 469 1254 537 καὶ
1292 471 1496 540 τοῦτο
1524 468 1821 560 πράξας,
1841 469 2046 557 ἥλατο
2074 479 2172 552 είς

230 568 358 655 τὴν
394 575 659 656 λίμνην.
717 568 935 637 αὐτοῦ
975 568 1052 637 δὲ
1087 570 1512 650 καταδύντος
1548 578 1645 651 εἰς
1681 571 1925 660 βάθος,
1963 572 1999 641 ὁ
2037 578 2172 660 μῦς

228 669 670 756 ἀπεπνίγετο,
703 672 817 739 καὶ
852 670 1177 759 θνήσκων
1214 668 1436 740 εἶπεν·
1479 673 1665 759 ,,ἐγω
1702 673 1827 761 μὲν
1864 673 2001 743 ὑπὸ
2043 677 2169 743 σοῦ

228 770 533 857 θνῄσκω·
559 771 1078 860 ἐκδικηθήσομαι
1095 777 1138 840 δ
1142 773 1172 842 ὲ
1188 772 1329 859 ὑπὸ
1347 773 1717 861 μείζονος.“
1741 777 2171 856 ἐπιπλέοντος
2197 801 2223 842 5

231 881 476 945 τοίνυν
510 875 632 942 τοῦ
670 873 844 961 μυός
884 876 1076 962 ἐντῇ
1115 882 1323 964 λίμνῃ
1361 878 1637 964 νεκροῦ,
1673 878 2016 958 καταπτὰς
2055 877 2172 946 ἀε-

226 974 374 1062 τός,
407 976 656 1043 τοῦτον
693 970 1077 1062 ἀφήρπασε,
1113 977 1244 1045 σῦν
1279 974 1468 1066 αὐτῷ
1506 977 1583 1046 δὲ
1620 981 2173 1068 προσηρτημένον

228 1074 406 1165 ὁμοῦ
457 1077 573 1144 καὶ
618 1079 736 1144 τὸν
781 1077 1143 1165 βάτραχον.
1214 1078 1333 1146 καὶ
1369 1075 1586 1158 οὕτως
1622 1077 1826 1167 ἄμφω
1861 1093 2173 1163 κατεθοι-

229 1179 502 1266 νήσατο.
578 1175 766 1263 κάγώ
800 1184 1047 1248 τοίνυν
1093 1186 1213 1269 βίᾳ
1250 1180 1421 1267 πρὸς
1456 1178 1654 1267 ὑμῶν
1689 1180 2173 1270 ἀποθνήσκων,

235 1284 363 1362 ἔξω
399 1277 522 1347 τὸν
556 1277 973 1367 ἀμυνοῦντα.
1030 1280 1370 1368 Βαβυλών
1405 1280 1536 1369 γὰρ
1572 1283 1688 1351 καὶ
1717 1281 1952 1362 Ἑλλὰς
1988 1286 2172 1351 πᾶσα
2200 1310 2249 1348 ιο

230 1381 354 1449 τὸν
394 1379 557 1468 ἐμὸν
594 1379 756 1470 παρ’
794 1379 993 1469 ὑμῶν
1027 1380 1474 1471 ἀπαιτήσουσι
1507 1382 1878 1453 θάνατον.“
1946 1389 2019 1453 οί
2047 1384 2174 1472 μὲν

233 1474 365 1552 οῦν
403 1485 670 1577 Δελφοὶ
720 1481 875 1551 οὐδ’
918 1479 1009 1563 ὡς
1050 1487 1404 1571 ἐφείδοντο
1437 1488 1564 1554 τοῦ
1603 1484 1955 1556 Αἰσώπου.
2030 1482 2065 1553 ὃ
2103 1485 2167 1555 δ’

238 1586 352 1654 ἐπὶ
378 1582 455 1652 τὸ
482 1586 605 1653 τοῦ
630 1582 1057 1678 ’Λπόλλωνος
1084 1589 1471 1674 κατέφυγεν
1504 1586 1704 1675 ιερόν.
1745 1595 1817 1657 οἳ
1838 1587 1915 1656 δὲ
1942 1586 2174 1656 κάκεῖ-

234 1696 365 1755 θεν
392 1684 910 1766 ἀποσπάσαντες
936 1682 1083 1775 μετ’
1123 1686 1358 1775 ὀργῆς,
1397 1678 1507 1777 ἐπὶ
1543 1690 1667 1758 τὸν
1702 1690 2004 1778 κρημνὸν
2041 1680 2173 1758 αῦ-
2208 1718 2209 1721 ’

231 1799 345 1869 θις
374 1782 619 1856 εἷλκον.
670 1783 706 1854 ὃ
748 1786 815 1856 δ’
844 1786 1276 1878 ἀπαγόμενος
1307 1778 1562 1875 ἔλεγεν·
1603 1790 1995 1878 ,,ἀκοῦσατε’
2013 1818 2171 1879 μου,
2200 1817 2250 1857 15

238 1896 511 1976 Δελφοί
521 1908 534 1922 ·
575 1889 838 1975 λαγωὸς
875 1889 1000 1958 ὑπ’
1029 1890 1235 1960 ἀετοῦ
1267 1893 1703 1980 διωκόμενος,
1740 1892 1911 1981 πρὸς
1938 1899 2172 1980 κοίτην

231 1990 592 2079 κανθάρου
640 1993 1005 2081 κατέφυγε,
1052 1993 1369 2081 δεόμενος
1418 1992 1542 2062 ὑπ’
1592 1986 1809 2063 αὐτοῦ
1848 1996 2170 2084 σωθῆναι.

235 2092 276 2161 ὁ
313 2092 389 2162 δὲ
422 2095 769 2182 κάνθαρος
795 2092 991 2179 ἠξίου
1031 2095 1150 2163 τὸν
1188 2093 1392 2164 ἀετὸν
1443 2094 1534 2182 μὴ
1567 2095 1838 2197 ἀνελεῖν
1870 2096 1991 2164 τὸν
2033 2097 2169 2164 ίκέ-
2209 2142 2252 2183 p
2269 2133 2320 2173 96
2334 2132 2376 2171 b,

375 2276 396 2322 1
442 2266 639 2351 φησήν
675 2266 765 2339 ἡχ.
803 2275 847 2323 Ρ
921 2299 925 2304 ·
990 2273 1168 2340 λέπτῃ
1202 2292 1335 2339 pars
1379 2277 1497 2326 edd.
1644 2278 1677 2325 2
1720 2270 2087 2341 προσαρτύσω
2124 2278 2172 2328 Φ

233 2333 686 2422 προσαναρτήσω
723 2343 769 2404 Q
916 2335 1097 2408 ἥλατο
1132 2342 1181 2392 A
1328 2346 1360 2394 3
1396 2336 1615 2422 λῦμνην
1650 2344 1698 2393 R
1722 2343 1777 2393 H
1800 2345 1846 2394 E
1997 2361 2174 2395 κατα-

234 2404 524 2488 δυ’ναντος
559 2411 608 2460 R
634 2411 679 2459 E
706 2411 758 2459 H
783 2410 829 2459 F
854 2409 891 2459 J
915 2412 966 2460 Κ
990 2410 1052 2458 Ζ
1055 2426 1090 2458 v
1192 2413 1226 2460 4
1261 2419 1382 2460 ante
1405 2403 1518 2462 ὑπὸ
1544 2413 1665 2461 add.
1693 2416 1906 2461 alterum
1943 2406 2103 2462 εἶπεν
2127 2413 2173 2461 Α

373 2466 522 2527 ῦπεν
557 2476 601 2525 Ρ
741 2480 772 2528 5
808 2470 1289 2558 ἐκδικηθήσωμαι
1329 2480 1373 2540 Q
1515 2469 1574 2527 δ’
1609 2470 1726 2529 ὑπὸ
1764 2478 1804 2526 Ζ
1942 2471 2173 2530 ἐπιπλέ·

236 2559 417 2602 ωντος
451 2544 496 2592 Ρ
674 2546 705 2594 6
742 2543 967 2610 τοίνυν]
1009 2534 1115 2596 οὖν
1148 2545 1195 2594 F
1219 2548 1268 2596 K
1294 2546 1333 2593 Z
1357 2562 1392 2593 v
1568 2537 1631 2595 ἐν
1667 2562 1761 2597 om.
1801 2545 2001 2602 conatis

240 2604 425 2691 λῦμνη
461 2612 511 2662 R
535 2612 582 2660 E
608 2614 662 2662 H
835 2616 864 2662 7
874 2609 1200 2691 προσηρτ.]
1245 2628 1357 2677 προ
1392 2615 1445 2662 in
1480 2629 1667 2663 rasura
1702 2612 1754 2661 D
1926 2615 1958 2663 8
2001 2606 2171 2679 ὁμοῦ]

236 2671 397 2730 aim
434 2679 482 2729 Φ
654 2673 781 2746 τὸν]
822 2678 933 2731 τῶν
967 2681 1011 2730 Ρ
1170 2673 1631 2752 κατιθοινήσατο
1670 2681 1711 2729 Ρ
1873 2683 1904 2730 9
1938 2671 2088 2746 ὑμᾶς
2126 2682 2174 2732 Φ

235 2764 605 2862 ἀποθνησκω
638 2798 690 2848 D
736 2815 769 2846 ν
816 2800 937 2849 add.
983 2797 1090 2847 D2
1267 2800 1330 2849 10
1375 2793 1483 2861 εξω
1527 2800 1622 2849 sed
1667 2815 1714 2851 ε.
1752 2815 1889 2848 corr.
1929 2816 1999 2850 eoe
2045 2795 2086 2851 ἔ.
2129 2801 2174 2864 Q

239 2861 383 2945 ἔξω
386 2865 435 2913 R
457 2866 502 2915 P
526 2869 571 2916 E
599 2866 651 2915 H
765 2860 870 2916 τὸν
890 2857 1206 2945 ἀμυνόντα
1244 2866 1314 2929 Κ,
1351 2869 1403 2915 in
1438 2870 1663 2931 maryine
1699 2858 1801 2919 τὸν
1831 2856 2177 2947 ἀμυνοῦντα

353 2923 488 3011 ἕλάς
522 2936 579 2985 Μ
605 2934 652 2982 E
678 2935 733 2984 H
770 2924 938 2992 §uas
971 2935 1165 3013 sactum
1200 2950 1271 2986 eoe
1300 2903 1478 2992 ἕλλᾶς
1514 2934 1562 2983 Β
1678 2937 1740 2984 12
1777 2925 1912 2984 ουδ’
1951 2953 2025 2994 ως
2062 2937 2108 2998 Q
2136 2937 2176 2985 Z

227 2990 372 3056 οὐδ’
412 3016 487 3058 ως
522 3003 566 3052 Ρ
603 2986 673 3052 οῦ
711 2993 770 3052 δ’
809 2993 888 3060 ὡς
924 3001 959 3051 b
1105 2994 1136 3052 6
1176 2996 1241 3053 δε
1278 3002 1319 3049 Ζ
1471 3005 1532 3052 13
1568 2992 1943 3079 ἀππόλλωνος
1979 3003 2026 3052 Α

242 3070 309 3117 14
343 3059 470 3134 τὸν]
510 3086 641 3120 τινα
680 3068 727 3119 Φ
882 3057 1063 3127 αὖθις
1098 3086 1192 3120 om.
1232 3069 1308 3130 Φ;
1348 3086 1413 3119 an
1449 3069 1768 3119 scribendum
1805 3060 2068 3129 εὖθῦςῖ.

242 3138 308 3185 15
346 3130 540 3186 εἷλκον
572 3140 786 3199 sactum
800 3154 870 3188 ex
909 3130 976 3189 εἷ.
1017 3140 1069 3186 in
1107 3138 1171 3198 Q,
1208 3155 1278 3187 ex
1314 3125 1369 3202 ἦ.
1405 3139 1458 3186 in
1495 3139 1539 3187 E
1656 3132 1719 3188 δ’
1755 3154 1826 3188 ea:
1861 3154 1997 3192 corr.
2034 3138 2075 3187 Z

240 3195 601 3267 ἐπαγόμενος
638 3206 681 3253 A
813 3207 875 3255 16
913 3200 1161 3268 αδελφοὶ
1198 3206 1242 3255 Ρ
1374 3208 1434 3256 17
1471 3200 1828 3272 κατέφυγε..
1848 3202 1972 3257 .καὶ
1997 3198 2177 3284 ὑμεῖς

238 3269 502 3335 (303,11)
540 3273 580 3321 Ζ
616 3275 691 3322 eis
716 3289 845 3338 quae
868 3275 921 3327 in
958 3274 1121 3324 medio
1157 3281 1276 3323 sunt
1308 3266 1821 3353 praetermissi-331&
1849 3264 2020 3323 λοιπὰ
2046 3266 2179 3324 τοῦ·

237 3353 343 3389 του
379 3337 482 3388 τοῦ
518 3331 716 3404 μῦθον
753 3332 815 3391 ἐν
853 3336 1102 3404 δευτέρω
1128 3335 1331 3405 φῦλλω
1352 3339 1466 3391 τῶν
1490 3335 1705 3406 μύθων,
1740 3331 2020 3423 εὖρήσεισ.
2058 3342 2177 3392 inde

236 3410 548 3484 scripturam
583 3409 957 3470 discrepantem
981 3411 1173 3460 adnoto
1287 3405 1576 3488 κατὲφεγε
1608 3409 1656 3459 A
1690 3404 2018 3489 κατέφυγεν
2053 3409 2110 3458 Μ
2129 3408 2177 3459 Ε

377 3464 560 3524 αῦτου
598 3482 653 3524 ut
686 3478 893 3525 uidetur
926 3477 975 3555 Q
1084 3478 1146 3528 18
1182 3466 1369 3528 ἀει-ων
1406 3478 1450 3526 P
1570 3472 1674 3529 τὸν
1710 3469 1885 3529 ἀετὸν
1921 3466 2094 3541 ἠξίου
2128 3478 2176 3527 Ε

377 3536 479 3591 τὸν
516 3537 747 3610 οἰκέτην
783 3543 831 3592 V
868 3535 1048 3610 αὐτοῦ
1086 3538 1188 3595 τὸν
1225 3537 1425 3610 ἱκέτην
1463 3546 1508 3595 Ε
