2563 4087
399 228 519 290 102
914 296 924 309 ι
1204 228 1353 279 vm.
1390 229 1426 277 i.
1476 231 1522 282 4.

393 378 533 452 ζετο
578 367 742 437 καθ’
798 369 1044 437 ἑαυτὸν
1093 371 1344 455 λέγων·
1414 369 1863 455 ,,στοχοὶζομαι
1910 366 2009 436 ὅτι
2056 368 2331 436 κάλλιόν

399 474 585 558 ,,ἐστι
620 475 741 538 τοῦ
782 475 1024 538 δοῦναι
1061 469 1185 557 τὴν
1223 478 1689 556 πραγματείαν
1724 497 1856 557 μου
1888 468 2053 556 ὅλην
2079 473 2174 560 τῷ
2202 469 2329 536 ἀν·-

400 574 562 659 ,,δρὶ
616 570 841 662 τούτῳ
902 567 942 655 ἢ
993 569 1351 657 ἆπομεϊναι
1397 572 1478 639 τὰ
1534 572 1894 660 πράγματα
1948 570 2329 658 ἀπουλητα·

399 673 561 760 „uoci
600 670 724 741 ὅσα
758 665 1073 759 βούλεται
1119 675 1370 742 δοῦναί
1414 699 1525 759 μοι
1570 673 1898 759 λήψομαι·
1954 673 2154 739 τοῦτο
2203 674 2333 757 γὰρ

343 799 369 839 5
401 773 754 863 ,,κρεϊττόν
785 776 961 841 ἐστιν
989 769 1031 860 ἢ
1057 772 1417 862 ἄπομεῖναι
1440 773 1523 841 τὰ
1553 773 1913 860 πράγματα
1938 772 2329 860 ἅπώλητα.“

396 876 509 942 καὶ
559 881 761 944 τοῦτο
811 877 884 944 ἐν
933 878 1028 965 τῷ
1075 880 1190 952 νοῒ
1232 875 1813 962 βουλευσάμενος,
1871 874 2173 962 ἐπεόλησε
2210 874 2334 961 τὴν

397 985 860 1064 πραγματείαν
897 980 1124 1044 πᾶσαν
1161 974 1375 1044 αὐτοῦ
1426 976 1462 1044 6
1506 983 1792 1064 ἔμπορος
1841 975 2008 1065 πρὸς
2055 975 2177 1043 τὸν
2218 978 2333 1062 ἐγ-

396 1076 668 1166 χώριον,
705 1079 1199 1166 συμβιβασθεὶς
1236 1084 1509 1165 λαβεῖν,
1546 1088 1616 1146 εἴ
1643 1105 1705 1145 τι
1740 1075 1871 1166 ἄρα
1906 1078 2020 1145 καὶ
2048 1077 2327 1164 ζητήσει,

397 1181 517 1247 ἕνα
554 1187 807 1249 πίνακα
841 1180 1261 1266 γεμισμένον.
1319 1179 1551 1266 λαβων
1588 1206 1716 1247 ουν
1752 1177 1788 1246 6
1827 1178 2170 1265 αγοροέσας
2207 1180 2336 1263 τὴν

321 1307 369 1346 10
398 1287 860 1369 πραγματείαν
913 1286 1033 1348 τοῦ
1094 1280 1398 1367 ἐμπόρου
1452 1278 1704 1366 ἤγαγεν
1766 1287 1863 1359 εἰς
1925 1280 2048 1368 τὴν
2103 1286 2336 1348 οἰκίαν

191 1359 291 1404 ¹³¹2
293 1357 375 1397 SB
397 1380 641 1467 αὐτοῦ,
675 1381 963 1470 μηδενὸς
990 1380 1065 1449 τό
1104 1379 1265 1451 καθ’
1297 1378 1461 1450 ὅλου
1491 1382 1941 1467 γινώσκοντος
1978 1383 2131 1469 περὶ
2161 1381 2336 1450 τού-

393 1509 534 1551 του.
609 1481 644 1550 ὁ
693 1482 817 1570 μὲν
865 1473 992 1550 οὖν
1044 1489 1336 1570 ἔμπορος
1390 1486 1643 1562 ἐκεῖνος
1696 1486 2082 1572 περιπατῶν
2134 1485 2210 1552 ἐν
2248 1487 2333 1571 τῇ

394 1584 619 1670 πόλει,
670 1587 983 1670 εἰσῆλθεν
1020 1591 1117 1662 εἰς
1165 1590 1394 1652 οἰκίαν
1430 1587 1710 1673 γραΐδος
1757 1586 1940 1663 τινὰς
1990 1584 2155 1673 μετὰ
2194 1588 2337 1652 τῶν

395 1684 808 1772 συντρόφων
843 1682 1057 1752 αὐτοῦ
1097 1686 1218 1753 τοῦ
1258 1688 1745 1773 κατακλιθῆναι
1793 1687 1965 1773 ἐκεῖ,
2000 1687 2114 1755 καὶ
2167 1689 2336 1775 ε’πη-

318 1810 369 1851 15
398 1784 581 1909 ρεότα
629 1784 752 1870 τὴν
801 1790 1024 1874 γραῦν
1072 1784 1108 1853 6
1161 1792 1454 1877 ἔμπορος
1504 1790 1758 1874 λέγων·
1814 1791 2004 1875 „acc-59
2053 1784 2230 1876 ἄρα,

394 1887 637 1974 γύναι,
682 1914 765 1954 τα
814 1887 1197 1975 ἀρωματικα
1248 1889 1421 1970 ξύλα
1470 1879 1601 1958 ωδε
1649 1888 2090 1970 πωλῶνται;“
2166 1885 2212 1975 ἢ
2261 1890 2340 1958 δε

400 1993 562 2077 ἔφη·
602 1989 1032 2077 ,,ίσόσταθμα
1066 1991 1160 2081 τῷ
1198 1994 1429 2082 χρυσῷ
1469 1993 1685 2061 ταῦτα
1724 1994 2095 2061 πωλῶνται.
2154 1992 2338 2078 πλὴν

400 2092 622 2178 ,,λε’γω
659 2112 788 2176 σοι,
829 2098 1097 2179 ἕμπορε,
1135 2093 1419 2178 πρόσεχε
1453 2097 1675 2171 καλῶς
1703 2092 1837 2162 ἀπὸ
1867 2098 2004 2161 τῶν
2033 2098 2338 2162 πολιτῶν

400 2194 642 2278 ,,τῆςδε
675 2196 793 2277 τῆς
830 2193 1124 2272 πόλεως·
1165 2197 1543 2281 πανοῦργοι
1580 2192 1713 2280 γὰρ
1750 2197 1864 2262 καὶ
1901 2194 2126 2262 δόλιοί
2157 2201 2338 2263 εἰσιν

314 2316 368 2356 20
397 2289 736 2380 „binemus
785 2295 898 2360 καὶ
945 2302 1234 2363 ποικίλοι
1292 2309 1441 2373 ταῖς
1489 2294 1802 2382 πράξεσι,
1853 2295 1967 2362 καὶ
2016 2292 2146 2362 οὐκ
2200 2301 2342 2365 ἔστι

397 2392 745 2481 ,,δυνατόν
781 2393 901 2461 τὸν
941 2397 1244 2463 ἐνταῦθα
1276 2395 1567 2465 ἐλθόντα
1603 2396 1801 2476 ξένον
1826 2395 1917 2483 μὴ
1945 2394 2127 2482 παρὰ
2155 2398 2333 2466 τού-

398 2521 580 2581 „ww
600 2495 899 2584 φθοράν,
918 2502 984 2566 εί
1001 2495 1324 2583 δυνατόν,
1347 2493 1523 2585 (καὶ)
1544 2499 1661 2583 τῆς
1687 2498 1933 2566 ἑαυτοῦ
1954 2499 2120 2581 ζωῆς
2147 2495 2340 2567 ὑπο-

393 2639 780 2723 ὃιελογίζοντο
799 2659 901 2709 Eu.
923 2660 1060 2709 Luc.
1082 2662 1132 2721 5,
1153 2662 1281 2711 210.
1304 2662 1438 2711 notis
1454 2661 1802 2722 interpretum.
1841 2651 2337 2725 συλλογισάμενος

391 2725 446 2774 Μ
468 2725 563 2789 (D)
704 2729 735 2775 2
771 2729 1016 2777 articulus
1038 2726 1140 2778 τοῦ
1162 2743 1321 2791 saepe
1346 2728 1409 2778 ab
1434 2727 1803 2778 recentioribus
1831 2728 2247 2792 praesertimque
2273 2729 2338 2778 ab

394 2793 488 2841 hoc
506 2795 767 2872 scriptore
792 2796 1039 2855 infinitiuo
1074 2796 1306 2852 additum
1342 2795 1436 2847 hoc
1459 2801 1624 2845 autem
1648 2799 1758 2845 Ioco
1784 2796 1953 2845 nescio
1979 2809 2045 2843 an
2070 2795 2340 2845 eiciendus

391 2862 475 2909 uel
498 2876 547 2908 m
572 2876 635 2910 το
662 2864 926 2910 mutandus
948 2864 1016 2911 sit
1049 2870 1102 2911 uc
1123 2865 1378 2912 sententia
1401 2864 1499 2924 fiat
1520 2864 1799 2926 perspicua
1935 2865 1966 2912 3
2004 2850 2338 2930 ἀπουλητα]

390 2927 636 2975 incertum
660 2935 821 2976 utrum
843 2927 1057 2979 librario
1093 2946 1158 2978 an
1185 2931 1434 2993 scriptori
1467 2930 1805 2988 tribuendum;
1842 2932 1997 2993 paulo
2028 2936 2152 2993 post
2187 2938 2340 2982 recte

393 2983 687 3059 ἆπιόλητα.
715 3012 762 3043 u.
791 2994 839 3042 D
944 2997 976 3045 8
1012 2994 1453 3075 συμβιβασθείς]
1493 2998 1755 3047 conuenit
1779 3012 1901 3046 eum
1928 3011 2010 3047 οο,
2090 2998 2233 3047 ‚136
2259 3000 2338 3050 B:

394 3059 458 3113 εἷ’
468 3077 522 3110 τι
542 3052 1045 3179 συνεξιβοὶσθημεν
1063 3060 1319 3126 περὶτοῦ
1339 3057 1557 3126 φόρτου
1648 3067 1680 3115 9
1698 3059 2040 3142 γεμισμένον
2080 3064 2144 3125 cf
2165 3067 2254 3122 50,
2273 3068 2342 3117 10

532 3130 593 3179 12
629 3145 668 3193 μ
702 3144 734 3177 ν
772 3118 899 3206 οὖν]
941 3123 1216 3192 μέντοιΜ
1325 3133 1386 3180 15
1421 3127 1541 3191 πῶς
1575 3133 1609 3181 ἰ.
1635 3148 1680 3181 e.
1719 3124 1918 3181 πόσου.
1956 3132 2024 3192 οΓ.
2054 3133 2172 3194 100,
2200 3134 2235 3181 5

395 3198 579 3250 16.17
615 3193 942 3247 πωλοῦνται
968 3196 1018 3246 D
1053 3199 1258 3261 priore,
1297 3195 1599 3249 πωλῶνται
1631 3200 1776 3248 ABV
1811 3206 2026 3264 utroque
2062 3202 2201 3249 loom
2239 3202 2345 3251 sed

393 3281 689 3332 quamquam
728 3265 955 3315 Graecos
989 3267 1361 3316 recentissimos
1395 3268 1448 3316 in
1481 3282 1712 3317 sermone
1745 3268 1964 3345 uolyari
1977 3268 2128 3315 etiam
2164 3283 2210 3316 ω
2250 3268 2343 3318 ubi

393 3334 643 3384 debebant
678 3349 747 3384 ου
781 3332 1071 3382 adhibuisse
1104 3341 1319 3395 constat,
1358 3340 1525 3383 tamen
1550 3351 1657 3385 cum
1680 3336 1731 3384 in
1755 3334 1811 3383 M
1835 3335 1905 3383 sit
1927 3323 2340 3397 ἄπεμπολοῦν-

392 3417 505 3463 ται,
541 3403 619 3450 Ιιίο
652 3403 729 3452 bis
762 3400 1078 3450 scribendum
1102 3416 1284 3451 censeo
1306 3372 1687 3465 ἕμπολῶνται,
1720 3403 1824 3451 illic
1859 3391 2340 3479 ἅπεμπολῶνται.

392 3469 463 3526 cf.
503 3469 637 3520 Lob.
673 3469 804 3518 Phr.
841 3470 959 3519 584.
994 3468 1170 3518 Piers.
1203 3468 1381 3519 Moer
1419 3470 1515 3518 156
1655 3471 1717 3518 17
1754 3460 2088 3532 ίσοστοὶθμῳ
2123 3460 2341 3527 αὑτοῖς

395 3534 899 3603 χρυσίῳΜηιεΙίιιε,·
919 3537 989 3598 cf.
1003 3536 1054 3585 D
1148 3538 1210 3585 21
1236 3529 1490 3587 δυνατὸν
1511 3552 1603 3589 οηι.
1624 3536 1680 3584 Μ
1771 3538 1835 3585 22
1856 3532 1953 3585 καὶ
1974 3536 2167 3586 adieci.-
2186 3536 2260 3593 cs.
2287 3535 2339 3585 D
