2563 4087
415 241 493 290 VI

412 411 470 452 a.
522 389 642 452 146
687 410 745 451 a.
793 385 867 451 O.
913 409 978 449 n.
1023 385 1109 448 ad
1155 407 1214 449 a.
1265 382 1431 450 1100
1474 408 1539 471 p.
1587 385 1662 450 C.
1708 408 1771 448 n.
1817 384 1885 448 in
1932 406 2056 448 usu
2102 384 2350 449 fuerint

413 488 894 579 explicaturum
953 510 1117 553 esse.
1220 486 1462 571 (Greek
1516 488 1752 552 lexicon
1813 489 1889 566 of
1940 487 2039 550 the
2075 485 2352 553 „Roman

414 593 550 656 and
588 589 947 672 Byzantine
979 590 1236 672 period-s
1273 588 1440 668 from
1472 589 1527 652 b.
1561 587 1631 653 Ο.
1665 591 1787 650 146
1831 593 1889 651 to
1935 608 1999 651 a.
2033 585 2122 650 1)ss
2169 592 2349 657 1100.

409 692 517 774 By
559 691 641 755 E.
674 694 758 754 A.
791 690 1133 772 Sophoclea
1183 693 1415 754 Boston
1457 689 1686 773 1870).
1755 688 2087 775 praeclare
2132 698 2350 752 autem

408 803 558 878 post
612 788 1038 857 Valentinum
1096 790 1394 856 Schmidt
1457 788 1770 856 Ioannem
1825 789 2091 875 Dunlop
2148 788 2348 854 Adal·

402 894 668 961 bertum
712 891 959 957 Keller
985 891 1403 957 Theodorum
1447 891 1702 976 Benfey
1745 890 2044 956 Marcum
2073 890 2348 955 Landau

409 993 726 1059 Adolfum
756 993 1073 1061 Mussafia
1115 994 1196 1058 de
1229 1015 1303 1058 eo
1345 991 1512 1057 libro
1560 994 1695 1077 egit
1723 993 2127 1059 Dominicus
2161 991 2349 1057 Com-

407 1096 647 1182 paretti
694 1095 1036 1177 (Rioerche
1090 1098 1340 1160 intorno
1386 1096 1453 1161 al
1497 1095 1653 1160 libro
1698 1095 1768 1159 di
1810 1094 2153 1170 Sindibaffi·
2205 1092 2348 1156 Me-

407 1198 602 1261 morie
646 1197 743 1263 del
788 1196 870 1262 R.
917 1199 1159 1262 istituto
1217 1197 1578 1261 Lombardo
1636 1197 1703 1260 di
1755 1197 1990 1260 sciense
2043 1216 2073 1258 e
2127 1195 2344 1271 lettere,

407 1298 522 1362 vol.
574 1297 696 1360 XI
706 1296 894 1362 ——II
930 1299 1094 1363 della
1135 1299 1294 1361 serie
1337 1296 1441 1375 ΙΙ,
1487 1296 1642 1376 fase.
1675 1296 1779 1361 II.
1830 1296 2087 1365 Milano
2117 1295 2344 1379 1869);

408 1408 686 1484 quocum
731 1401 872 1462 uiro
918 1409 983 1463 et
1025 1400 1250 1462 uariae
1297 1408 1361 1461 et
1406 1397 1725 1481 elegantis
1759 1398 2094 1463 doctrinae
2140 1397 2344 1480 copiis

407 1501 726 1564 instructo
782 1508 857 1562 ut
911 1497 1291 1585 plerumque
1337 1499 1691 1579 consentiO,
1747 1498 1891 1561 aliis
1941 1497 2206 1583 quidem
2251 1497 2344 1563 in-

406 1601 664 1664 terdum
720 1601 1160 1665 fundamentis
1217 1601 1433 1680 nixus,
1493 1602 1584 1665 ita
1638 1601 1708 1662 in
1762 1599 1958 1665 rebus
2016 1597 2344 1662 nonnullis

406 1701 761 1766 leuioribus
821 1697 1161 1767 dissentio.
1253 1701 1371 1766 sed
1429 1723 1576 1765 cum
1633 1699 1869 1764 de-his
1927 1708 2066 1765 tum
2110 1699 2192 1765 de
2234 1698 2344 1763 ho-

405 1826 549 1867 rum
625 1801 1085 1889 opusculorum
1120 1866 1123 1867 7
1158 1825 1396 1887 genere
1471 1801 1731 1867 dicendi
1806 1803 1874 1864 in
1939 1800 2344 1887 praefatione

408 1905 595 1969 alteri
651 1903 966 1968 uolumini
1022 1903 1505 1990 pra-emittenda
1548 1904 1916 1967 accuratius
1965 1900 2345 1987 disputandi

403 2005 586 2071 locus
633 2007 772 2071 erit.
864 2005 948 2071 ad
1003 2016 1259 2092 tempus
1320 2016 1537 2072 autem
1590 2026 1786 2091 quam
1831 2003 2214 2081 breuissime
2259 2002 2342 2067 de

405 2106 796 2172 emendandi
842 2109 1190 2192 praesidiis
1220 2108 1492 2173 ‘dixisse
1541 2109 1698 2171 satis
1746 2106 2025 2171 habebo,
2321 2103 2328 2106 ⁷

530 2208 853 2294 Syntipae
885 2210 996 2293 qui
1028 2207 1269 2275 dicitur
1301 2209 1637 2274 codicibus
1669 2229 1825 2272 usus
1860 2229 2003 2271 sum
2028 2207 2340 2291 quinque:

405 2331 440 2373 e
506 2310 744 2395 quibus
812 2309 1230 2375 Monacensis
1301 2310 1509 2394 (525),
1581 2311 1648 2372 in
1715 2331 1840 2395 quo
1899 2308 2343 2374 recensionem

401 2411 836 2495 antiquiorem
879 2411 1129 2495 primus
1176 2413 1417 2493 inueni,
1468 2433 1636 2478 saec.
1676 2410 1846 2475 XIV
1891 2410 2172 2494 scriptus
2219 2417 2341 2471 est.

402 2511 672 2575 alterius
715 2512 1111 2576 recensionis
1169 2535 1288 2596 pro
1333 2512 1762 2578 fundamento
1816 2512 2005 2597 posui
2049 2508 2342 2573 Vindob.

403 2612 554 2677 hist.
599 2610 714 2676 Gr.
766 2610 888 2675 120
929 2635 1100 2677 saec.
1146 2614 1278 2677 XV
1323 2623 1691 2678 exaratum:
1736 2612 2073 2676 Parisinos
2105 2620 2344 2691 autem,

403 2714 514 2799 qui
547 2722 699 2776 sunt
729 2713 898 2776 2912
931 2714 1042 2797 (B)
1087 2724 1151 2779 et
1193 2736 1227 2778 e
1271 2712 1837 2799 supplementariis
1873 2712 1994 2776 105
2025 2711 2344 2796 (A),'ipse

404 2813 618 2878 denuo
649 2834 779 2877 non
811 2816 1103 2880 excussi:
1132 2814 1266 2879 ‘sed
1298 2837 1444 2880 cum
1488 2814 1770 2901 aliquam
1801 2813 2021 2877 multis
2058 2811 2219 2880 locis
2251 2812 2345 2875 in-

378 2916 611 3001 0specti
653 2914 853 2980 fidem
893 2916 1185 2980 facerent
1226 2915 1387 2980 nihil
1431 2916 1658 2988 auxilii
1702 2938 1787 2979 ex
1819 2916 1912 2978 eis
1947 2913 2344 2999 sperandum

407 3037 569 3097 esse,
611 3017 678 3081 in
710 3015 1125 3080 Boissonadii
1157 3016 1519 3082 conlatione
1559 3016 1667 3080 hic
1696 3014 1830 3080 illic
1857 3024 2053 3086 aucta
2083 3007 2341 3099 acquie-

404 3117 717 3183 scendum
744 3116 926 3182 duxi.
972 3117 1392 3203 Ducangium
1416 3125 1654 3197 autem,
1685 3135 2082 3201 quamquam
2103 3116 2342 3180 mirum

405 3227 721 3305 quantum
752 3241 919 3305 quae
951 3218 1169 3284 adfert
1200 3219 1575 3304 discrepant
1606 3216 1690 3282 ab
1722 3217 1816 3279 eis
1849 3238 2018 3300 quae
2054 3217 2121 3280 in
2164 3217 2342 3281 codi-

406 3320 591 3386 cibus
625 3320 942 3384 Parisinis
989 3329 1269 3399 exstant,
1315 3329 1532 3383 tamen
1573 3317 1751 3404 quod
1792 3339 1874 3380 ne
1903 3340 2034 3383 uno
2076 3318 2340 3404 quidem

404 3421 546 3487 loco
587 3421 715 3485 illis
747 3421 1007 3486 ueriora
1037 3421 1330 3507 praebet,
1373 3422 1547 3506 quod
1588 3440 1781 3505 saepe
1822 3419 2242 3505 neglegenter
2271 3421 2341 3484 in

405 3522 727 3607 scriptura
756 3520 1065 3588 librorum
1102 3522 1511 3609 excerpenda
1546 3532 1850 3588 uersatus
1896 3535 2014 3606 est,
2061 3521 2340 3606 denique
