2563 4087
20 12 160 168 -
330 101 341 110 1.

42 3792 47 3901 Ι

778 270 808 308 e
839 252 1028 307 codice
1057 251 1361 307 Dresdensi
1390 251 1438 304 D
1470 259 1555 307 33.
2010 246 2137 310 203

184 389 228 448 ί.
254 424 267 439 .
290 384 360 448 ι),
398 381 499 434 καὶ
539 379 640 435 ὃὲν
679 370 809 449 εὗρε
835 380 996 448 ’ψωμὶ
1023 375 1099 435 νά
1125 375 1410 449 άγωράσι·
1451 380 1550 433 καὶ
1575 375 1842 448 έγύρισεν
1861 381 2133 444 (reuertit)

185 464 280 528 εἰς
319 460 424 519 τὸν
459 459 938 533 πραγματευτήν,
977 464 1077 517 καὶ
1117 462 1270 533 λέγει
1308 477 1437 519 του·
1487 466 1495 531 Ι
1542 468 1625 528 20,
1669 468 1729 516 15
1774 458 1891 517 άπὸ
1929 460 1993 517 τὸ
2032 484 2135 516 κα·

153 581 158 587 ·
194 545 295 604 λὸν
322 544 526 604 έκεῖνω
560 550 735 616 ψωμῆ
758 548 799 616 (.
827 588 840 601 .
865 548 908 611 ὶ)
940 550 949 614 Ι
979 553 1062 614 20,
1087 553 1302 614 16-21,
1321 552 1352 600 2
1378 547 1476 601 καὶ
1500 548 1652 615 τῶρα
1675 547 1854 601 πλέον
1889 546 1991 602 ὃὲν
2019 545 2136 616 ἔχει

180 635 289 701 (εἰσ
324 639 409 697 21,
451 640 515 688 15
561 631 665 688 δὲν
715 630 834 700 ἔχει
871 631 1060 686 πλέων
1101 653 1203 701 pro
1249 630 1356 687 ov'n
1396 629 1520 697 ἔτι).
1566 631 1666 684 καὶ
1703 625 1733 685 ὁ
1769 627 2135 700 πραγματεύ-

190 719 293 786 τῆς
331 716 520 786 λέγει·
560 710 771 785 λάλησέ
809 735 913 781 την
952 735 1025 770 να
1062 712 1172 784 τὴν
1198 712 1475 785 ἑρωτίσω,
1515 716 1578 769 τί
1607 712 1760 769 εἶναι
1796 714 1831 782 ἡ
1874 711 2130 784 ἀφορμῇ,

187 802 292 855 καὶ
332 799 436 855 ὃὲν
458 802 664 868 πουλῆ.
702 794 880 866 ἐπῆγε
919 796 1124 854 λοιπὸν
1159 800 1259 854 καὶ
1296 796 1404 868 τήν
1439 793 1678 868 ἤφερεν.
1713 802 1814 854 καὶ,
1854 799 2005 868 λέγει
2031 819 2131 867 της

181 883 222 940 ὁ
258 885 733 954 πραγματευτῆς·
794 873 836 937 ὦ
874 884 1074 952 γῦναι,
1133 885 1196 937 τί
1239 880 1391 938 εἶναι
1430 880 1481 954 ἡ
1539 882 1701 938 αἰτία
1750 883 1846 937 καὶ
1900 881 2001 938 ὃὲν
2038 883 2136 936 κά-

190 988 337 1038 μνης
391 962 507 1022 ἀπὸ
564 963 767 1023 έκεῖνω
804 968 843 1034 (.
869 969 960 1033 .ο)
995 963 1061 1022 τὸ
1122 968 1284 1036 ψωμὶ
1323 962 1472 1021 ὀποῦ
1519 963 1800 1036 έπούληες
1845 968 1953 1022 τοῦ
1995 964 2134 1022 δού-

190 1059 294 1108 λου
342 1071 486 1120 μους
534 1052 635 1106 καὶ
681 1045 830 1119 αὐτὴ
881 1051 1057 1120 λέγει·
1106 1053 1115 1118 Ι
1164 1058 1246 1118 21,
1293 1057 1327 1104 4
1378 1069 1439 1104 π.
1481 1070 1532 1105 τ.
1579 1071 1661 1119 τρ.
1710 1048 1751 1110 έ.
1798 1072 1875 1105 om
1922 1053 1931 1117 Ι
1979 1058 2063 1118 21,
2102 1057 2133 1105 8

194 1156 232 1204 μ
250 1175 263 1191 .
286 1180 299 1193 .
322 1175 336 1190 .
355 1135 498 1206 πρ.],
536 1137 731 1188 πᾶσαν
766 1129 1016 1204 ἡμέραν,
1055 1135 1154 1190 καὶ
1195 1134 1324 1205 ἔτζη
1350 1135 1513 1190 θέλει
1544 1130 1787 1204 υγειάνη
1815 1138 1871 1202 (ι’.
1899 1156 1943 1189 e.
1968 1131 2132 1204 ὑγια·

191 1221 308 1288 νεῖ)
340 1222 350 1289 Ι
382 1226 464 1286 21,
501 1225 567 1273 22
606 1215 902 1288 φοβούμαι
939 1221 1057 1283 πῶς
1092 1217 1169 1288 μή
1209 1218 1414 1290 πάθης
1446 1219 1546 1273 καὶ
1575 1215 1674 1273 έού
1713 1215 1783 1272 τὰ
1823 1211 2001 1287 ὅμοια
2027 1221 2130 1273 τοῦ

190 1306 662 1376 πραγματευτοῦ·
712 1306 813 1358 καὶ
850 1300 1092 1374 ζητήσης
1128 1298 1231 1359 τὸν
1277 1299 1412 1358 υἱόν
1448 1321 1550 1358 σου
1597 1299 1753 1357 ὦσάν
1798 1298 2022 1365 ἐκεῖνος
2065 1300 2129 1357 τὸ

188 1385 382 1458 ψωμή.
408 1388 509 1442 καὶ
529 1385 633 1442 δὲν
654 1387 757 1442 τὸν
773 1387 959 1458 θέλης
981 1379 1139 1456 εὖροι
1159 1393 1232 1456 (D
1244 1394 1330 1455 50,
1349 1392 1450 1453 10).
1483 1392 1493 1454 Ι
1523 1393 1605 1453 22,
1626 1394 1660 1442 8
1679 1384 1822 1456 πρὸς
1842 1429 1853 1441 .
1874 1426 1887 1440 .
1912 1383 2013 1455 έρ.]
2053 1383 2128 1441 νά

181 1469 448 1543 ,ἐρωτήσῃ
497 1475 506 1538 Ι
554 1477 637 1537 22,
678 1478 739 1525 12
760 1474 862 1527 καὶ
907 1467 983 1535 ὥς
1028 1468 1130 1527 τὸν
1178 1470 1339 1527 εἶδεν
1383 1467 1669 1541 ἡπονηρά
1716 1469 1907 1540 ἐκείνη
1959 1467 2128 1540 γυνὴ,

193 1553 482 1628 ἧθέλησαι
517 1558 570 1623 (.
594 1559 711 1625 .σε)
748 1576 822 1610 να
857 1558 1147 1626 μοιχευθῆ
1196 1558 1300 1611 καί
1331 1576 1401 1625 με
1439 1554 1541 1611 τὸν
1577 1559 1807 1611 δοῦλον.
1863 1560 1963 1611 καὶ
2002 1576 2128 1627 μοι·

184 1643 482 1711 χεῦωντας
517 1643 682 1709 (part.
720 1643 901 1713 absol.)
938 1635 1149 1710 ἄργησε
1184 1641 1259 1696 νά
1306 1636 1500 1710 ὑπάγῃ
1550 1640 1632 1704 εἰς
1679 1637 1782 1696 τόν
1827 1636 2128 1713 αὐθέντην

197 1745 326 1789 του,
365 1722 466 1778 διὰ
504 1744 579 1778 να
616 1727 719 1779 τοῦ
757 1722 898 1779 δώσι
935 1728 1100 1794 (..ῃ)
1137 1719 1460 1795 ἀπόκρισιν.
1507 1727 1606 1780 καὶ
1641 1721 1861 1790 ἐκεῖνος
1898 1722 2076 1795 ἐπῆγε
2120 1728 2124 1794 Ι

194 1816 276 1878 22,
313 1814 536 1874 21-23,
575 1816 606 1864 3
643 1810 742 1863 καὶ
780 1811 1184 1879 μοιχεῦοντοις,
1223 1799 1378 1878 ἦλθε
1428 1810 1525 1865 καὶ
1562 1803 1837 1880 ὄᾶνὸρας
1862 1822 1988 1880 της·
2029 1811 2129 1864 καὶ

184 1890 387 1963 ἐκείνη
426 1887 700 1963 ἐφοβήθη
736 1912 811 1947 να
855 1889 934 1962 μὴ
981 1889 1083 1948 τόν
1134 1881 1292 1962 εὖροι
1338 1891 1422 1955 εἰς
1465 1892 1530 1947 τὸ
1579 1888 1777 1961 σπη’τι,
1834 1895 1936 1949 καὶ
1974 1894 2127 1963 λέγει

191 1979 294 2033 τοῦ
330 1978 570 2048 μοιχοῦ·
607 1972 978 2043 έξεσπάθωσε
1013 1976 1113 2032 καὶ
1148 1972 1387 2048 ὗβρ(ι)ζέ
1424 1995 1496 2046 με
1531 1969 1668 2032 ὅσον
1704 1973 1973 2032 ὃύνεσαι·
2028 1980 2127 2033 καὶ

190 2060 301 2134 ἐγώ
341 2058 585 2132 εὖρίσκω
623 2055 927 2131 ἀπόκρισιν
964 2058 1040 2116 vo}
1067 2057 1229 2116 δώσω
1263 2062 1369 2116 τοῦ
1394 2056 1610 2130 ἀνδρός
1633 2081 1745 2130 μου
1775 2064 1785 2130 Ι
1816 2069 1899 2129 23,
1929 2067 2129 2116 11-16

187 2146 606 2217 τρομασμένος,
645 2145 746 2200 καὶ
783 2142 889 2216 ἐγώ
919 2145 1148 2214 ἔκρυψά
1183 2165 1315 2213 τον,
1355 2137 1446 2200 ὅτι
1483 2142 1802 2203 καθ’ὃλικα
1837 2140 2023 2214 ἤθελε
2049 2143 2122 2201 νά

180 2227 307 2298 τὸν,
323 2225 661 2300 »stowam-5⁶²2.
693 2233 700 2298 Ι
731 2236 814 2297 23,
857 2236 919 2285 16
955 2231 1054 2286 καὶ
1099 2231 1212 2284 ποῦ
1245 2231 1253 2299 Ι
1286 2236 1368 2296 23,
1411 2235 1472 2284 18
1518 2229 1618 2284 καὶ
1655 2226 1879 2294 ἐκεῖνος
1916 2227 1947 2286 ὁ
1983 2252 2129 2287 πτω·

181 2312 283 2386 χός
319 2308 534 2384 ὑπάγει
557 2315 656 2369 καὶ
695 2309 826 2384 εὗρε
864 2334 964 2369 τον
998 2315 1356 2384 κρυμμένον,
1394 2315 1495 2368 καὶ
1523 2312 1677 2384 λέγει
1712 2328 1839 2370 του·
1879 2311 2124 2382 άὸελφὲ,
2181 2324 2202 2335 ‘

182 2398 528 2470 καρτέρεσαι
565 2404 617 2466 (.
639 2401 756 2466 .σε)
792 2394 1017 2468 ὀλίγον,
1064 2401 1169 2454 καί
1200 2419 1275 2453 να
1311 2394 1420 2454 ἷὸὠ
1469 2389 1544 2454 ἂν
1580 2399 1795 2469 ἔφυγεν
1832 2396 1862 2455 ὁ
1903 2396 2123 2455 αὐθέν-

185 2504 287 2553 της
306 2502 437 2549 σου,
460 2482 561 2538 καὶ
582 2481 709 2552 ἔτζη
728 2481 927 2546 θέλεις
954 2473 1111 2552 εὖγει
1132 2478 1320 2553 (έβγῇε
1367 2494 1422 2537 ut
1444 2489 1511 2537 sic
1531 2487 1757 2549 futurum
1790 2504 1838 2542 u.
1876 2479 2124 2553 έβγαίνω

178 2575 216 2626 i.
237 2589 280 2623 e.
321 2564 630 2643 guentam..
652 2564 856 2622 λοιπὸν
894 2563 1070 2636 ἐπῆγε
1105 2569 1204 2622 καὶ
1231 2563 1496 2634 έκίτοιξεν
1515 2570 1640 2636 (scr.
1661 2563 1812 2621 έκύτ.
1833 2571 1946 2623 u.D
1967 2574 2049 2633 25,
2072 2571 2124 2636 8)

177 2647 306 2707 ἅνω
340 2652 443 2707 καὶ
478 2647 652 2709 κάτω,
692 2650 892 2706 ἔπειτα
928 2647 1182 2720 ἐστράφη
1219 2651 1320 2705 καὶ
1376 2651 1528 2721 λέγει
1571 2667 1699 2706 του·
1754 2649 1887 2720 σύρε
1936 2650 2020 2713 εἰς
2058 2649 2122 2706 τὸ

180 2732 426 2802 καλλόν,
465 2730 495 2790 ὁ
537 2729 798 2805 ἄφέντης
836 2753 941 2791 σου
977 2731 1200 2806 έπήγεν
1234 2730 1339 2789 ἀπ’
1388 2732 1530 2791 έδῶ·
1562 2738 1571 2803 Ι
1603 2741 1688 2804 24,
1731 2730 1753 2788 1
1802 2730 1832 2791 ὁ
1870 2734 2014 2798 θεὸς
2050 2756 2127 2789 να

183 2822 250 2879 σὲ
287 2816 551 2891 φυλάξῃ,
599 2813 691 2876 ὅτι
735 2821 992 2890 μεγάλην
1027 2814 1357 2890 καλοσὺνην
1402 2819 1639 2889 ἔκαμες,
1686 2823 1786 2875 καὶ
1824 2817 1928 2875 τὸν
1965 2816 2122 2876 ἐλευ-

175 2906 475 2976 θέρωσαις
512 2908 564 2972 (.
589 2910 736 2972 Asc)
774 2899 889 2959 άπὸ
926 2901 1029 2959 τὸν
1066 2899 1333 2960 τοιούτον
1379 2907 1676 2963 κίνδυνον.
1709 2910 1719 2972 Ι
1753 2911 1836 2971 24,
1878 2911 1906 2956 7
1946 2900 2123 2960 άκού·

176 3010 285 3055 σας
334 2992 522 3046 ταῦτα
565 2985 746 3044 πάλιν
792 2985 821 3045 ὁ
868 2985 1136 3061 βασιλεῦς
1197 2984 1312 3043 ἀπὸ
1377 2985 1479 3045 τὸν
1537 2988 2124 3060 δευτεροφιλόσοφον,

180 3070 368 3139 εὐθὺς
405 3071 585 3141 ὁρίζει
617 3070 814 3142 ναμὴν
860 3076 1132 3144 φονευθῆ
1190 3069 1220 3129 ὁ
1260 3068 1390 3137 υἱός
1426 3092 1559 3129 τουε
1597 3086 1651 3127 ιιι
1687 3079 1779 3141 24,
1817 3081 1845 3129 7
1898 3080 2127 3140 sortasse

174 3171 372 3215 tantum
408 3156 591 3228 λόγων
634 3163 689 3212 in
725 3156 1060 3227 φιλοσόφων
1097 3168 1334 3212 mutatum
1358 3164 1648 3227 oportuerit
1678 3162 1686 3226 Ι
1717 3165 1800 3224 24,
1850 3166 2048 3213 11-13
2093 3152 2124 3212 ὁ

178 3246 361 3313 σοφοί
391 3260 498 3298 σου
531 3244 633 3298 καὶ
673 3239 984 3313 σύμβουλοι
1022 3240 1175 3298 εἶναι
1209 3262 1268 3311 μ.
1304 3242 1404 3297 καὶ
1427 3263 1497 3310 n„
1535 3243 1635 3297 καὶ
1673 3240 2027 3310 ὃοκιμάζουν
2052 3262 2125 3295 να

179 3330 478 3398 φονεῦουν
524 3345 608 3387 σε.
648 3328 656 3394 Ι
696 3332 784 3394 24,
823 3334 884 3381 17
929 3322 1090 3390 τινὸς
1134 3318 1464 3395 φιλοσόφου
1510 3327 1611 3381 καὶ
1656 3321 1985 3397 συμβούλου
2024 3327 2126 3379 τοῦ

181 3408 402 3480 πατρός
438 3431 544 3466 του
582 3415 593 3479 Ι
640 3416 726 3479 24,
768 3418 832 3466 14
869 3408 1120 3467 ἄκουσον
1157 3405 1450 3481 αὖθέντη·
1508 3409 1642 3473 ἕνας
1679 3412 1728 3478 β.
1784 3408 1938 3478 εἶχεν
1974 3405 2125 3469 υἷόν,

183 3498 281 3551 καὶ
319 3491 526 3567 ἀγάπα
563 3497 746 3550 πολλά
780 3492 851 3550 τά
889 3492 1140 3565 κυνήγια
1170 3498 1178 3564 Ι
1210 3502 1293 3560 24,
1338 3500 1399 3549 18
1437 3492 1540 3549 ἕνα
1577 3492 1812 3562 θέλημα
1850 3495 1892 3558 ζ.
1929 3487 2030 3546 τὸν
2067 3511 2127 3565 π.

178 3601 291 3644 μου
326 3580 402 3636 νά
442 3599 516 3651 με
558 3576 774 3648 άφύσει
814 3575 1059 3650 (ἄφήσῃ)
1094 3577 1169 3634 νά
1207 3574 1413 3649 ὑπάγω
1451 3576 1535 3641 εἰς
1572 3575 1794 3647 κυνήγη
1834 3578 2122 3647 (..γι(ον))

44 3910 403 4053 μμ,
