2563 4087
60 14 67 17 ·
84 10 461 59 “aff—fif?-

984 226 1129 277 vm.
1167 229 1204 277 i.
1240 231 1289 278 3.
2019 226 2102 290 95

195 369 597 438 ἐπελάθοντο.
686 368 829 437 εἶτα
880 372 952 435 οἱ
993 371 1500 456 πραγματε-υταὶ
1554 367 1878 456 βαλόντες
1925 370 2099 457 ἅπερ

193 469 378 558 εἶχον,
411 479 697 557 χρυσίον
734 471 849 538 καὶ
887 468 1243 558 ἀργύριον,
1280 479 1379 549 εἰς
1405 471 1733 557 βαλάντια
1767 478 1947 559 τρία,
1985 476 2099 539 δε-

192 573 421 641 δώκασι
464 575 548 660 τῇ
588 578 819 659 γραΐδι
866 570 1171 650 εἰπόντες
1218 570 1432 659 αὐτῇ·
1493 563 1592 658 „eff
1644 573 1886 661 γύναι,
1935 573 2100 661 λάβε
2117 599 2301 651 pawn.

192 679 431 760 ,,ταῦτα
466 674 548 742 τὰ
585 682 742 760 τρία
777 673 1108 761 βαλάντια
1156 676 1279 741 τοῦ
1319 677 1578 759 χρυσοῦ
1628 679 1744 744 καὶ
1799 674 2101 761 φύλαττε

191 779 433 860 ,,καλῶς
473 779 549 844 έν
587 776 796 863 ἑαυτῇ
817 829 836 863 ,
871 776 987 842 καὶ
1016 773 1231 864 μηδὲν
1258 772 1391 843 ἀπὸ
1419 774 1684 845 τούτων
1711 776 1940 865 διόσῃς
1966 777 2100 844 τινὶ
2125 803 2152 843 5

192 875 338 964 ,“,α’φ’
376 875 609 964 ἡμῶν,
657 884 721 946 εἰ
765 876 854 963 μὴ
901 876 988 943 vo}
1044 881 1198 964 ἴδῃς
1246 877 1363 944 καὶ
1409 877 1575 955 τοὺς
1622 894 1801 966 τρεῖς
1848 876 2094 965 ἡμᾶς.“

186 984 375 1046 ταῦτα
410 977 719 1056 εἰπόντες
743 1030 761 1063 ,
814 976 1129 1065 ἀπῆλθον
1167 983 1265 1056 εἰς
1300 977 1375 1045 τὸ
1412 986 1814 1065 βαλανεῖον,
1870 981 1985 1048 καὶ
2025 982 2098 1048 ἐν

186 1081 255 1166 τῇ
287 1078 422 1169 ὁδῷ
464 1078 730 1158 ἰδόντες
766 1076 869 1148 ὅτι
903 1080 1169 1147 κτένιον
1206 1076 1289 1146 οὐ
1325 1083 1675 1166 κρατοῦσι,
1704 1083 2098 1150 στέλλουσιν

188 1183 290 1248 ἕνα
321 1179 438 1249 ἀπ’
480 1179 740 1260 αὐτοῦς
777 1180 947 1270 πρὸς
980 1181 1105 1268 τὴν
1140 1195 1391 1266 γραῖαν
1419 1186 1542 1248 τοῦ
1575 1189 1811 1269 λαβεῖν
1838 1182 1915 1249 τὸ
1944 1184 2098 1249 κτέ-

185 1309 327 1349 νιον.
415 1280 450 1349 ὁ
509 1282 585 1351 δὲ
635 1283 975 1371 πεμφθεὶς
1025 1288 1121 1361 εἰς
1168 1280 1295 1368 τὴν
1342 1287 1568 1369 γραῦν
1617 1285 1795 1369 λέγει
1846 1281 2093 1367 αὐτήν·
2124 1311 2174 1350 ιο

191 1389 291 1469 ,,οί
327 1382 709 1474 σύντροφοί
751 1411 882 1470 μου
930 1387 1232 1471 μηνοῦσί
1279 1405 1353 1452 σε
1401 1382 1490 1451 δι’
1547 1386 1746 1470 ἐμοῦ·
1809 1386 2098 1470 Πέμψον

191 1483 375 1572 ,,ἡμῖν
411 1483 489 1553 τό
524 1492 811 1575 χρυσίον
854 1484 935 1552 τό
971 1504 1045 1553 σε
1083 1484 1496 1572 έδώκαμεν.“
1576 1484 1618 1573 ἡ
1656 1486 1732 1554 δὲ
1768 1485 1946 1571 γυνὴ
1983 1488 2097 1554 λέ-

187 1613 269 1670 γει
298 1589 386 1677 τῷ
423 1586 665 1676 ἀνδρί·
722 1584 1091 1674 ,,οὐδαμῶς
1138 1584 1340 1655 δώσω
1377 1608 1519 1675 σοι,
1570 1591 1694 1666 ἕως
1746 1578 1827 1655 οὗ
1871 1593 2097 1656 ἔλθετε

190 1689 327 1772 „nal
362 1693 432 1756 οἱ
461 1705 644 1777 τρεῖς
681 1686 927 1776 ὁμοῦ.“
998 1690 1113 1756 καὶ
1151 1687 1187 1756 ὁ
1226 1688 1402 1775 ἀνήρ
1440 1689 1652 1775 ,,ι’δου’
1671 1690 1738 1778 ,“
1776 1690 1953 1775 λέγει
1983 1693 2103 1776 ,,οί

188 1788 592 1878 ,,σύντροφοι’
621 1817 754 1878 μου
790 1789 1140 1878 μακρόθεν
1186 1789 1339 1857 κατ’
1382 1787 1540 1870 ὄψιν
1589 1812 1714 1859 σου
1765 1795 2094 1875 ἵστανται,
2123 1815 2171 1855 15

189 1892 327 1977 ,,καὶ
375 1895 621 1961 ἐκεῖνοι
654 1893 953 1978 λέγουσι’
1002 1910 1106 1959 σοι
1157 1895 1412 1960 δοῦναί
1454 1917 1566 1979 μοι
1610 1892 1686 1960 τὸ
1738 1890 2091 1977 χρυσιόν.“

186 1994 280 2062 καὶ
322 1999 535 2063 ταῦτα
585 1993 798 2064 εἰπών
857 1996 940 2082 τῇ
992 1997 1258 2082 γραΐδι,
1309 1996 1662 2082 στρέφεται
1711 1992 1882 2080 πρὸς
1930 1992 2094 2071 τούς

187 2097 590 2183 συντρόφους
628 2094 844 2164 αὐτοῦ
889 2097 1005 2163 καὶ
1044 2097 1221 2182 λέγει
1268 2094 1505 2175 αὐτοῖς
1542 2093 1922 2181 ἀνωνύμως
1963 2091 2093 2180 ,,οὕ

186 2200 335 2266 δίὸει
370 2224 481 2285 μοι
514 2197 559 2284 ἦ
595 2200 812 2287 γραῦς
832 2196 896 2283 ,“
950 2197 1114 2283 μήτε
1149 2199 1414 2265 κτένιον
1451 2196 1664 2266 εἰπών
1712 2197 1874 2284 μήτε
1923 2221 2096 2283 χρυ-

185 2306 333 2367 σίον.
384 2303 629 2369 ἐκεῖνοι
664 2299 741 2368 δὲ
775 2305 1178 2386 νομίσαντες
1211 2300 1289 2366 τὸ
1319 2301 1583 2368 κτένιον
1608 2307 1825 2388 ζητεῖν
1853 2295 2094 2383 αὐτόν,
2120 2322 2172 2361 20

182 2529 226 2576 in
254 2529 344 2578 hac
377 2545 576 2595 quoque
612 2532 909 2580 recensione
946 2536 1065 2578 ante
1101 2519 1286 2592 μόνον
1320 2533 1628 2580 enuntiatum
1664 2532 1813 2594 quale
1848 2535 1926 2577 est
1960 2529 2013 2576 in
2039 2526 2095 2574 M

181 2600 567 2657 praetermissum
604 2612 716 2647 esse
855 2599 883 2646 1
919 2586 1098 2661 ὅπερὶ)
1237 2599 1268 2645 2
1307 2595 1484 2663 χρυσᾶ
1523 2589 1726 2662 (χρυσᾶ
1752 2595 1819 2656 V)
1859 2591 1958 2644 καὶ
1996 2584 2095 2657 ἄρ-

182 2679 335 2728 γυρον
368 2664 539 2714 ABV:
578 2662 814 2730 χρυσίον
860 2661 958 2717 καὶ
996 2654 1270 2729 ἀργύριον
1314 2666 1504 2728 scripsi
1511 2667 1542 2723 ,·'
1577 2665 1714 2729 quod
1753 2664 1905 2739 ’nolui
1949 2678 2097 2727 quam

181 2733 349 2781 leuiore
378 2732 609 2794 fortasse
644 2734 920 2784 mutatione
964 2721 1104 2797 ὅπερ
1142 2771 1156 2784 .
1177 2767 1190 2780 .
1213 2771 1224 2782 .
1264 2728 1475 2796 χρυσοῦ
1512 2730 1612 2782 καὶ
1647 2722 1925 2796 ἄργυρον,
1976 2731 2096 2794 quia

183 2798 408 2862 χρυσίον,
448 2806 503 2848 ut
539 2806 616 2850 eet
649 2802 732 2849 rei
765 2801 1072 2863 aptissimum
1106 2799 1422 2858 uocabulum,
1461 2802 1512 2848 in
1542 2808 1651 2849 tota
1673 2799 1769 2848 hac
1793 2802 2094 2848 narratione

181 2868 429 2929 repetitur,
466 2884 499 2933 χ
536 2864 679 2918 υσοῦ
714 2868 918 2919 nonnisi
949 2871 981 2916 1.
1017 2870 1052 2916 4
1093 2868 1278 2931 Ιερίιιιτ·
1325 2883 1484 2933 neque
1531 2868 1842 2917 dubitatione
1886 2865 2095 2916 liberum

184 2941 260 2982 est.
293 2922 457 2985 ἅτινα
523 2931 846 2999 πεφέροντο
882 2932 1019 3002 (cod.
1048 2926 1171 2997 ἀπ.)
1210 2933 1451 3000 χρυσίου
1476 2934 1606 2997 τρία
1634 2926 1918 2997 βαλάντια
1944 2935 2001 2984 Μ

183 3002 213 3048 4
240 2997 356 3066 τοῦ]
395 2994 467 3053 τά
509 2993 653 3065 ξύλα
689 3001 801 3053 τῶν
838 2993 1153 3070 ἀρωμάτων
1185 3006 1382 3066 p.13·2‚
1412 3006 1490 3053 10.
1523 3006 1601 3051 12.
1641 3003 1756 3065 136,
1794 3003 1823 3050 7
1851 3001 1914 3049 B.
1952 3007 2004 3051 et
2037 3000 2096 3047 Μ

185 3081 507 3149 nonnunquam
611 3071 643 3122 5
679 3061 739 3121 ἐν
774 3072 809 3119 i.
836 3087 881 3122 e.
917 3060 1060 3133 παρ’
1086 3072 1172 3130 Μ;
1208 3072 1293 3135 51,
1320 3070 1388 3120 25
1492 3061 1679 3134 ὃώσῃς
1710 3069 1983 3132 scriptoris
2018 3074 2096 3116 est

186 3134 212 3183 6
242 3132 290 3186 εἰ
320 3152 393 3202 μη
431 3129 530 3203 νά]
574 3135 675 3187 ἴνα
708 3138 755 3187 A
882 3130 1045 3201 ,ἡμᾶς
1080 3138 1183 3188 noti
1216 3145 1411 3188 mutare
1448 3140 1510 3187 cl.
1549 3141 1612 3187 14
1747 3137 1780 3185 8
1817 3130 2012 3186 κτένιν
2047 3133 2095 3181 Α

184 3202 329 3260 forma
362 3204 589 3256 barbara
723 3200 999 3268 κρατοῦσι
1035 3208 1069 3257 i.
1097 3220 1143 3255 e.
1181 3199 1375 3271 ἔχουσι
1516 3208 1576 3254 11
1614 3205 1855 3267 „uariant
1892 3204 2096 3253 codices

187 3276 230 3317 et
257 3271 382 3322 Ven.
419 3276 471 3323 in
508 3281 749 3323 accentus
783 3276 906 3323 sede
944 3266 1257 3338 σύντροφοι
1297 3270 1371 3339 [V
1396 3274 1480 3329 96,
1507 3276 1554 3322 3.
1580 3276 1611 3323 5
1636 3279 1687 3321 et
1713 3272 1829 3334 123,
1856 3273 1887 3320 3
1916 3266 2002 3343 B.)
2042 3275 2093 3318 ec

187 3334 469 3406 συντρόφοι
498 3336 571 3408 [V
598 3343 629 3392 l.
661 3343 740 3390 11.
770 3343 850 3403 15,
876 3338 948 3405 D]
978 3340 1336 3392 exhibente-13⁴
1374 3338 1716 3390 Boissonade
1821 3330 2095 3413 pnvovotJ'

186 3402 439 3471 μηνύουσι
472 3410 688 3459 coniecit
724 3408 1082 3459 Boissonade.
1123 3406 1367 3472 δηλοῦσι
1392 3410 1449 3458 Μ
1498 3402 1671 3458 εἶπαν
1698 3408 1744 3455 D
1931 3406 1992 3452 12
2030 3419 2093 3453 το

186 3472 214 3523 ἱ.
235 3489 274 3522 e.
307 3464 338 3526 ὅ
372 3492 399 3526 e
432 3491 664 3527 sermone
700 3478 900 3542 uolqari
1037 3478 1099 3525 13
1138 3470 1382 3540 ἔλθητεῖ
1541 3477 1603 3523 19
1649 3465 1727 3538 μὴ
1769 3510 1780 3522 .
1805 3510 1816 3521 .
1854 3463 1999 3536 μήτε
2044 3471 2093 3519 V

186 3546 419 3594 structura
452 3546 594 3609 apud
626 3554 859 3595 recentes
894 3561 994 3594 non
1028 3543 1345 3609 infrequenti
