2563 4087
1038 240 1287 307 Aesopus
1323 241 1352 291 I
2030 241 2168 309 281

214 397 686 484 ἐπλήσθησαν.
767 397 931 485 μετὰ
983 396 1051 466 δ’
1102 396 1186 465 οὐ
1242 396 1463 467 πολὺν
1504 398 1753 487 χρόνον
1790 401 1907 468 καὶ
1942 400 2164 489 γράμ-
2188 412 2347 462 ΧΧΙΙ

214 525 403 586 ματα
440 497 620 587 παρὰ
660 505 963 586 Κροίσου
1011 503 1135 567 τοῦ
1173 504 1428 569 Λυδῶν
1475 501 1804 587 βασιλέως
1840 499 1981 589 ἥκει
2017 512 2163 573 Σα-

209 609 402 687 μίοις
450 599 816 669 κελεύοντα
872 598 950 668 τό
1001 597 1136 669 ἀπὸ
1196 603 1401 670 τοῦδε
1460 602 1722 690 φόρους
1782 600 1968 694 αύτῷ
2031 628 2165 672 πα-

213 703 481 790 ρέχειν,
505 706 571 769 εἰ
595 699 673 770 δὲ
690 701 782 789 μὴ
799 708 1169 787 πείθοιντο,
1200 701 1373 790 πρὸς
1390 702 1612 791 μα’χην
1634 704 1945 793 ἑτοίμους
1973 702 2163 773 εἶναι.

214 802 725 890 ἐβουλεύσαντο
794 802 921 891 μὲν
991 794 1118 872 οὖν
1179 800 1472 884 ἅπαντες
1536 843 1629 856 —-
1700 809 1962 874 ἔδεισαν
2028 806 2162 895 γὰρ
2187 838 2214 891 5

209 902 513 991 ’ὑπήκοοι
580 905 899 990 γενέσθαι
958 906 1055 995 τῷ
1117 911 1398 996 Κροίσῳ
1455 944 1545 954 -
1604 921 1932 975 συνοῖσον
1997 904 2170 976 εἶναι

212 1008 455 1093 μέντοι
489 1006 604 1075 καὶ
662 1015 986 1075 Αἴσωπον
1025 1007 1368 1093 ἐρωτῆσαι.
1440 1005 1749 1086 κάκεῖνος
1802 1009 2179 1096 ἐρωτηθεὶς,

213 1105 397 1176 εἷπε·
453 1110 640 1193 ,,τῶν
677 1104 1029 1195 ἀρχόντων
1067 1104 1269 1194 ὑμῶν
1310 1108 1594 1196 γνώμην
1630 1109 2034 1178 δεδωκότων
2069 1117 2167 1190 εἰς

212 1209 447 1297 φόρου
484 1206 861 1296 ἀπαγωγὴν
911 1206 1288 1299 ὑπακούειν
1350 1211 1444 1300 τῷ
1507 1216 1794 1297 βασιλεῖ,
1856 1217 2166 1298 συμβου-
2259 1244 2266 1251 ’

212 1310 348 1395 λὴν
394 1308 522 1398 μὲν
571 1308 725 1379 οὐδ’
779 1306 895 1397 ὥς,
943 1309 1151 1396 λόγον
1199 1309 1274 1387 δὲ
1326 1313 1457 1398 ἐρῶ
1502 1309 1700 1399 ύμῖν,
1747 1312 1863 1380 καὶ
1901 1320 2167 1381 εἴσεσθε
2191 1346 2243 1385 10

209 1411 290 1480 τὸ
357 1412 731 1501 συμφέρον.
817 1410 859 1499 ἡ
919 1411 1089 1498 τύχη
1153 1411 1285 1480 δύο
1347 1410 1553 1492 ὁδους
1627 1413 1874 1493 ἔδειξεν
1934 1416 2010 1482 ἐν
2069 1416 2164 1503 τῷ

211 1520 390 1603 βίῳ,
453 1515 754 1601 θατέραν
837 1511 963 1601 μὲν
1039 1515 1470 1601 ἐλευθερίας,
1550 1504 1630 1600 ἦς
1690 1512 1733 1603 ἡ
1792 1513 1917 1601 μὲν
1991 1511 2164 1602 ἀρχὴ

215 1614 600 1702 δύσβατος,
658 1613 734 1682 τὸ
786 1613 863 1683 δὲ·
923 1614 1113 1695 τέλος
1173 1611 1463 1703 ὁμαλόν·
1521 1617 1822 1705 θατέραν
1873 1614 1949 1684 δὲ
1996 1620 2166 1698 δου-

215 1722 446 1803 λείας,
496 1704 574 1800 ἧς
621 1714 664 1803 ἡ
714 1715 839 1802 μὲν
886 1713 1058 1805 ἀρχὴ
1108 1715 1392 1805 εύπετής
1440 1743 1511 1786 τε
1557 1718 1671 1786 καὶ
1720 1716 2026 1806 βάσιμος,
2087 1717 2164 1786 τὸ

215 1816 291 1886 δὲ
354 1819 548 1897 τέλος
611 1813 1036 1887 ἐπωδυνον.“
1133 1822 1349 1887 ταῦτα
1410 1816 1826 1898 ἀκούσαντες
1887 1824 1960 1888 οἰ
2016 1819 2165 1887 Σά-
2192 1849 2242 1890 15

213 1944 390 2005 μιοι,
452 1916 864 2007 ἀνεβόησαν·
935 1917 1174 2008 ,,ἡμεϊς
1238 1919 1584 2007 ἐλεύθεροι
1646 1917 1835 1999 ὄντες
1902 1919 2166 1999 ἑκόντες

219 2017 302 2089 ού
357 2018 693 2108 γινόμεθα
743 2020 1052 2107 demost,
1101 2021 1217 2091 καὶ
1266 2020 1390 2090 τὸν
1440 2019 1862 2110 πρεσβευτὴν
1898 2019 1981 2090 ού
2033 2020 2166 2090 σύν

219 2122 463 2210 εἰρήνῃ
502 2119 927 2210 ἀπέπεμψαν.
1003 2121 1038 2190 ὁ
1087 2121 1213 2211 μὲν
1265 2112 1394 2192 οὖν
1430 2130 1724 2212 Κροῖσος
1773 2126 1990 2192 ταῦτα
2032 2149 2166 2210 μα-

214 2222 400 2311 θιόν,
451 2223 768 2310 ἐβούλετο
814 2223 1111 2312 πόλεμον
1159 2224 1329 2293 κατὰ
1379 2233 1667 2312 Σαμίων
1712 2240 1950 2312 κινεῖν,
2000 2222 2037 2293 ὁ
2087 2223 2359 2309 &kp-121).

358 2374 388 2419 1
426 2362 648 2421 πολλύν
686 2369 737 2418 D
877 2362 1098 2436 χρόνων
1133 2371 1178 2421 Ρ
1318 2366 1419 2421 καὶ
1454 2387 1549 2422 om.
1586 2371 1634 2422 Φ
1772 2375 1804 2422 2
1841 2365 2087 2435 κρόισων
2121 2372 2166 2421 Ρ

396 2434 523 2503 τοῦ]
564 2435 677 2489 τῶν
716 2437 761 2501 Q
936 2429 1036 2502 ἥκι
1072 2439 1117 2489 Ρ
1308 2442 1339 2490 3
1374 2435 1734 2491 τοαποτοῦὃε
1768 2439 1820 2490 V
1842 2439 1920 2502 Μ,
1958 2455 2168 2490 τοαπο-

218 2502 400 2556 τοῦδε
437 2504 488 2553 D
542 2512 590 2555 ει
634 2503 995 2557 τοαποτουδε
1035 2506 1081 2568 Q
1137 2508 1303 2556 erasis
1346 2507 1637 2557 accentibus
1680 2514 1733 2556 et
1765 2507 2033 2570 spiritibus

215 2573 249 2620 4
284 2567 652 2648 nzfflothQ
689 2571 995 2625 πείθειντο
1031 2574 1077 2623 Ε
1104 2573 1158 2622 H
1194 2573 1477 2625 πείθοντο
1503 2574 1547 2650 ξ
1661 2567 1887 2638 ἕτοιμος
1920 2572 1987 2637 A‘,
2025 2588 2164 2624 corr.

214 2637 263 2686 A
285 2641 317 2689 2
463 2643 494 2691 5
532 2637 665 2707 ουν]
704 2631 813 2705 γάρ
850 2640 920 2705 Φ,
955 2657 1048 2692 om.
1086 2640 1133 2689 E
1157 2636 1212 2690 H
1337 2648 1456 2704 post
1492 2654 1747 2700 απαντες
1782 2642 1907 2692 add.
1944 2644 1996 2690 in
2030 2657 2168 2691 mar-

213 2708 330 2770 9ine
380 2700 601 2773 φόρους
645 2706 856 2759 δοῦναι
903 2706 980 2759 τῶ
1028 2706 1260 2774 βασιλεῖ
1302 2708 1348 2769 Q
1376 2711 1408 2757 2
1557 2702 1774 2774 ἔδησαν
1811 2709 1856 2758 Ρ
2028 2700 2136 2773 γὰρ

217 2766 276 2823 δ’
316 2774 367 2826 Φ
542 2779 575 2828 6
610 2771 809 2840 μέντοι
847 2769 1000 2827 εἷναι
1035 2776 1086 2825 Κ
1110 2775 1151 2824 Ζ
1174 2791 1243 2838 v;
1284 2770 1439 2826 εἶναι
1474 2792 1568 2826 οηι.
1606 2775 1652 2838 Q
1829 2778 1859 2826 7
1898 2770 2021 2858 καὶ]
2062 2792 2137 2827 κα

216 2833 320 2892 τὸν
357 2843 407 2906 Q
586 2837 748 2895 εἶπεν
783 2841 842 2891 Μ
1013 2845 1046 2895 8
1090 2845 1140 2892 in
1177 2843 1223 2901 Q
1269 2834 1433 2909 ὑμῶν
1468 2859 1538 2893 m.
1565 2859 1647 2909 pr.
1690 2844 1819 2907 fecit
1865 2860 1936 2895 ex
1983 2841 2165 2909 ημῶν.

218 2900 383 2975 ἡμῶν
421 2909 493 2971 (D
521 2910 594 2976 K)
618 2904 660 2960 Z
684 2927 721 2959 v
826 2901 1023 2975 φόρων
1060 2911 1106 2990 Q
1147 2903 1333 2975 φόρον
1368 2911 1423 2972 R,
1532 2913 1564 2961 9
1601 2906 1709 2976 μὲν
1744 2913 1797 2961 in
1830 2911 1879 2960 A
1910 2912 2035 2963 add.
2061 2911 2111 2961 A
2134 2914 2165 2961 2

269 3034 286 3054 ⁹
320 2980 389 3028 10
424 2966 558 3029 οὐδ’
598 2966 716 3044 ὃς,]
753 2978 986 3040 fortasse
1022 2976 1310 3044 ουδαμῶς.
1353 2964 1619 3037 -οὗὸὦς
1654 2978 1699 3027 Ρ
1736 2976 1795 3039 (ὃ
1832 2995 1968 3030 corr.
2004 2996 2076 3031 ex
2111 2979 2167 3041 ν)

220 3058 288 3093 ου
326 3041 545 3110 δίδωμι
585 3046 631 3108 Q
763 3040 831 3097 δὲ
871 3062 963 3097 om.
1003 3045 1051 3096 Φ
1181 3043 1417 3098 εἴσεσθε
1454 3045 1516 3108 Ζ,
1551 3049 1587 3097 l.
1631 3061 1658 3097 ε
1695 3053 1928 3097 extrema
1964 3064 1992 3098 e
2029 3063 2164 3098 corr.

320 3108 413 3177 τὰ]
454 3105 559 3164 τὸν
591 3113 641 3163 A
782 3115 844 3163 12
880 3108 1142 3177 θατέρας
1179 3113 1227 3164 Φ
1367 3115 1432 3163 14
1468 3128 1528 3164 τε
1566 3129 1659 3167 om.
1697 3114 1743 3176 Q
1887 3117 1950 3165 15
1990 3104 2163 3165 ἀκου-

222 3200 402 3281 σαντες
430 3230 478 3292 Q
517 3246 546 3290 ς
582 3230 628 3293 Q
655 3233 686 3282 2
839 3234 902 3283 17
940 3217 1320 3298 οὖγυνόμεθα
1356 3232 1401 3281 Ρ
1567 3233 1629 3283 18
1665 3240 1784 3283 ante
1822 3223 1996 3283 ἇπέπ.
2034 3234 2086 3281 in
2120 3229 2168 3281 R

222 3365 435 3416 deletum
471 3315 635 3429 0221&ss
763 3369 826 3417 19
864 3357 1131 3430 ἐβούλετο
1169 3366 1245 3417 V:
1285 3356 1626 3431 ἐβουλεύετο
1660 3366 1720 3417 Μ
1742 3368 1791 3418 R
1817 3367 1863 3428 Q
1891 3365 1939 3416 Φ
1976 3356 2163 3430 (ἐβου-

222 3494 421 3565 λέβετο
464 3499 563 3579 ξ);
613 3447 953 3619 &gavi-eiga
988 3500 1060 3567 D,
1110 3516 1183 3553 σα
1226 3500 1277 3549 D
1305 3503 1361 3565 23
1411 3493 1793 3568 ἐβουλεύσατο
1840 3500 1895 3549 Η
1919 3499 1966 3549 Ε
1992 3498 2107 3549 KZ
2130 3515 2166 3550 v

356 3583 593 3633 κινησαι
