2563 4087
319 230 443 294 190

312 370 522 460 ὅμοια.
607 373 683 441 τὸ
750 378 1035 442 ἔννατον
1095 372 1463 459 κεφάλαιον
1520 379 1922 461 παρίστησιν
1971 371 2073 442 ὅτι
2118 375 2263 463 χρὴ

312 474 545 554 καθώς
593 500 691 554 τις
736 474 922 543 θέλει
968 478 1083 541 ἵνα
1132 479 1290 563 ποιῇ
1345 472 1530 566 αὐτῷ
1568 476 1829 564 ἕτερος,
1877 477 1992 544 καὶ
2029 474 2261 545 αὐτὸν

315 579 553 667 ἐκείνῳ
588 591 806 644 ποιεῖν
841 574 1111 663 ὁμοίως.
1163 575 1240 645 τὸ
1277 575 1357 644 δὲ
1392 575 1678 647 δέκατον
1714 576 2086 663 κεφάλαιον
2122 583 2249 667 δη-

138 715 182 754 p.
210 707 284 745 127
312 685 426 746 λοῖ
467 678 623 766 περὶ
669 679 792 745 τοῦ
841 675 931 764 μὴ
980 681 1128 746 δεῖν
1177 703 1328 745 τινα
1364 678 1761 761 φιλιοῦσθαι
1794 679 1911 746 καὶ
1947 678 2255 767 ἀδελφο-

258 808 285 846 5
311 793 526 846 ποιεῖν
573 793 716 857 τοῖς
763 777 1025 867 ἀσεβῶς
1072 780 1211 847 τῶν
1276 779 1586 867 πράξεων
1649 772 1763 848 καὶ
1822 785 2263 868 τυραννικῶς

313 886 544 966 ἔχουσι
576 881 690 948 καὶ
726 878 1016 959 ἀδικίαις
1051 881 1166 948 καὶ
1204 880 1619 960 πλεονεξίαις
1655 875 2064 969 χρωμένοις.’

475 985 704 1050 Ταῦτα
753 978 967 1062 οὕτως
1017 980 1054 1050 ὁ
1104 981 1422 1070 βασιλεῦς
1474 981 1657 1070 παρὰ
1710 988 1834 1051 τοῦ
1880 985 2043 1052 υἱοῦ
2087 985 2250 1071 ἐνη-

310 1089 578 1169 χηθείς,
634 1080 1189 1172 εὐχαριστηρίους
1238 1085 1332 1174 τῷ
1380 1086 1521 1175 θεῷ
1556 1083 1804 1169 λόγους
1841 1083 2259 1171 ἀναπέμπει,

309 1185 422 1251 καὶ
458 1187 551 1277 τῷ
591 1193 911 1276 Συντίπᾳ
949 1186 1220 1253 διετέλει
1258 1184 1715 1271 ἐγκωμιάζων·
1771 1184 1853 1253 οὐ
1891 1186 2023 1272 μὴν
2057 1183 2239 1254 ἀλλά

231 1317 281 1355 10
307 1287 420 1353 καὶ
473 1286 715 1376 δῶροις
762 1287 887 1354 τὸν
933 1284 1152 1373 ἄνδρα
1201 1292 1578 1373 φιλοτίμοις
1644 1287 1998 1366 ἐδεξιοῦτο.
2098 1284 2255 1355 εἶτα

308 1388 485 1472 λέγει
520 1389 689 1477 πρὸς
725 1388 847 1456 τὸν
883 1393 1096 1457 παῖδα
1132 1386 1418 1456 οὑτωσί·
1457 1388 1698 1455 τέκνον
1727 1387 2257 1475 ποθεινότατον,

308 1480 440 1575 ἆρά
488 1516 566 1575 γε
611 1490 693 1556 τὰ
745 1490 1213 1577 συμβαίνοντα
1258 1515 1388 1556 τινι
1439 1489 1503 1569 ἐξ
1566 1489 1972 1576 εἱμαρμένης
2033 1488 2264 1577 τύχης

309 1597 709 1678 συμβαίνειν
758 1591 1084 1660 εἰώθασιν
1105 1589 1137 1672 ;’
1202 1588 1238 1658 ὁ
1292 1589 1370 1658 δὲ
1418 1604 1578 1669 παῖς
1634 1595 1762 1677 ἔφη
1810 1594 1903 1682 τῷ
1950 1597 2264 1677 βασιλεῖ’

303 1688 542 1759 “τοῦτο
587 1690 716 1778 μὲν
764 1689 981 1771 οὕτως
1032 1697 1242 1779 ἔχειν,
1307 1682 1361 1760 ῶ
1409 1693 1739 1777 δέσποτα,
1803 1692 2042 1762 πολλοὶ
2103 1693 2263 1759 τῶν

232 1819 282 1859 15
309 1789 701 1880 ἀνθρώπων
736 1802 1022 1862 οἴονται·
1078 1793 1256 1881 πλὴν
1290 1793 1367 1862 τὸ
1404 1803 1621 1862 αἴτιον
1658 1796 1797 1860 τῶν
1827 1792 2256 1884 συμβαινόν-

308 1919 445 1960 των
507 1896 833 1983 λυπηρῶν
883 1897 957 1965 έκ
1005 1898 1123 1981 τῆς
1173 1898 1314 1963 τῶν
1363 1892 1755 1983 ἀνθρώπων
1807 1901 2064 1979 γίνεται
2112 1920 2253 1980 μο-

306 2002 615 2083 χθηρίας.
699 1995 783 2066 ού
830 1997 963 2086 γάρ
1011 2001 1288 2077 δικαίως
1339 2000 1634 2085 χρῶνται
1688 2011 1837 2075 ταῖς
1897 1993 2259 2086 πράξεσιν,

306 2095 480 2165 ἀλλὰ
529 2102 812 2178 σκολιῶς
857 2101 971 2167 καὶ
1021 2098 1296 2178 ἀδίκως.
1374 2104 1532 2177 ἔθος
1582 2098 1714 2184 γάρ
1766 2100 1944 2166 ἐστιν
1980 2094 2259 2183 αὐτοῖς,

308 2194 472 2267 ὅταν
507 2201 640 2268 τινὶ
675 2203 817 2267 τῶν
864 2200 1261 2288 φιλοσόφων
1309 2197 1585 2289 ἀνδρῶν
1625 2199 2112 2286 ἐντυγχάνωσι,
2149 2201 2257 2290 τῷ

231 2328 282 2368 20
308 2299 389 2366 τά
431 2300 682 2388 χρηστα
719 2303 833 2369 καὶ
870 2302 1112 2370 δέοντα
1147 2302 1260 2369 καὶ
1313 2305 1624 2387 λυσιτελῆ
1674 2298 2253 2388 συμβουλεύοντι,

309 2408 373 2470 εί
403 2401 494 2490 μὴ
529 2403 642 2470 καὶ
680 2401 1180 2490 πλουτοκομῶν’
1203 2404 1318 2471 καὶ
1354 2407 1542 2489 τιμῆς
1579 2402 1972 2488 διαπρέπων
2009 2400 2045 2469 ὁ
2093 2428 2245 2470 τοι-

305 2677 633 2750 ποιήσαντι,
659 2691 724 2736 “ιιι
759 2692 835 2737 εει
871 2689 923 2736 in
958 2686 1002 2733 P
1039 2683 1116 2752 τῷ
1150 2681 1383 2743 κακῶς
1416 2674 1725 2747 ποιήσαντι
1908 2686 1934 2732 1
1973 2686 2101 2749 χρεί
2133 2700 2243 2734 κα-

305 2817 434 2878 θῶς
573 2823 604 2870 3
638 2812 818 2885 ποιὴν
958 2817 1099 2871 δειλ’
1235 2820 1269 2869 4
1305 2813 1406 2869 τοῦ
1443 2764 1521 2884 μῗ]
1560 2811 1691 2868 τινά
1829 2818 1861 2867 5
1899 2783 2112 2886 τυρανῖ.ι

304 2956 334 3002 ’1
374 2955 453 3003 14.
492 2968 673 3011 ουτως
811 2956 840 3003 7
878 2897 1071 3019 ένῆχῗ
1094 2944 1550 3018 εὐχαριστηρίους
1585 2945 1648 3002 τὸ
1829 2956 1861 3003 9
1898 2944 1962 3004 τὸ
2000 2952 2249 3004 σιντίπα

442 3012 792 3086 έγκωμιάζον
968 3022 1031 3070 10
1066 3036 1128 3070 ne
1165 3023 1309 3071 corri
1342 3036 1401 3070 as
1440 3018 1782 3100 φιλοτίμως·
1827 3022 1962 3099 127
1980 3021 2011 3070 6
2177 3023 2241 3070 11

305 3088 524 3138 discinxi
555 3095 610 3136 ιιι
644 3095 722 3137 εει
755 3089 807 3137 in
841 3088 901 3137 P.
939 3089 1133 3138 codex.
1180 3091 1298 3138 παῖ
1337 3102 1391 3137 α
1454 3079 1679 3149 οὑτωσὶ,
1717 3105 1764 3139 τ.
1801 3103 1879 3150 π.,
1920 3103 2035 3167 αρα
2072 3103 2136 3152 γε

307 3157 369 3205 12
406 3144 513 3205 σύ”ν
550 3148 795 3219 βένοντα
910 3147 1245 3233 ἡμαρμένης
1375 3158 1437 3205 13
1474 3151 1777 3220 συμβένειν
1817 3151 1870 3206 εἰ
1906 3141 2137 3206 ῶθασιν

304 3216 366 3272 τὸ
406 3223 664 3283 (mutatum
700 3239 732 3271 a
768 3239 827 3273 m.
865 3226 954 3272 alt.
995 3225 1046 3273 in
1082 3219 1177 3285 τῶ)
1217 3215 1430 3288 βασιλε
1474 3223 1570 3273 hoc
1607 3229 1771 3272 autem
1805 3224 1952 3273 modo
1984 3222 2105 3287 fere
2142 3238 2249 3272 om-

304 3306 395 3340 nes
428 3307 476 3343 u.
490 3283 781 3368 βασιλεύς
815 3306 964 3340 casus
999 3292 1359 3356 exprimuntur·
1526 3293 1588 3342 15
1627 3285 1854 3341 οἴονται
2036 3292 2106 3340 20
2141 3306 2245 3340 τα-

303 3356 518 3425 χρηστᾶ
659 3359 949 3409 λυσιτελεῖ
1095 3361 1158 3409 ’21
1199 3353 1318 3436 εἰμὶ
1455 3354 1865 3421 πλοῦτοκομῶν
1899 3358 2042 3417 cod.;
2080 3359 2247 3421 siqni-

295 3428 484 3488 ficatur
520 3427 747 3476 diuitias
785 3425 969 3475 colens
1141 3442 1311 3491 τιμης
1349 3433 1427 3475 εει
1458 3427 1726 3490 ρεηειίιιιιε·
1761 3427 1848 3490 qui
1881 3425 2072 3474 dicitur
2106 3428 2245 3475 rela-

305 3496 457 3544 tionis
495 3493 565 3558 (ιι.
602 3494 836 3558 Kriiyeri
872 3493 960 3543 Gr.
998 3496 1089 3550 47,
1128 3496 1221 3555 26,
1257 3495 1341 3555 9);
1386 3495 1483 3542 sed
1526 3495 1697 3543 nescio
1745 3509 1813 3542 an
1858 3494 2129 3543 mutandus
2174 3494 2249 3543 sit

303 3565 353 3610 in
398 3563 619 3610 datiuum
655 3564 849 3625 τιμαῖς
1023 3556 1358 3626 διᾶπρέπων
1397 3551 1494 3614 ὁτί
1524 3548 1692 3619 οὗτος
