2563 4087
503 260 624 321 110
1298 260 1450 310 VIII.
1490 260 1529 311 i.
1568 263 1616 309 4.

497 405 825 468 τοσοῦτον
862 398 1119 478 αὐτούς
1160 405 1356 486 ἔσυρε
1391 407 1665 487 βιαίως,
1717 402 1841 479 ἕως
1892 391 1975 468 οὗ
2019 407 2254 489 ἔλαβεν
2286 399 2399 467 άπὸ

497 502 761 569 τούτων
813 498 902 578 ὥς
954 499 1231 585 νικήσας
1287 499 1410 568 ὅσα
1462 500 1792 588 ἠθέλησεν
1846 499 1881 568 ὁ
1939 508 2256 590 ἔμπορος·
2307 503 2396 568 καὶ

496 603 644 669 τότε
682 600 942 689 ἀφῆκεν
978 599 1253 679 αὐτούς.
1319 604 1456 670 Καὶ
1495 606 1655 689 νῦν,
1700 594 1751 670 ὦ
1794 605 2089 671 δέσποτα
2126 606 2398 691 βασιλεῦ,

501 703 566 782 ἐξ
622 693 718 769 ὧν
766 724 869 771 σοι
928 703 1345 790 διηγησάμην
1395 711 1688 790 γίνωσκε
1749 702 1840 783 ὥς
1890 707 2134 772 ἐκεῖνοι
2190 710 2258 772 οἰ
2295 703 2401 771 δύο
2444 706 2451 711 ’
2504 718 2505 727 ’

446 830 470 869 5
499 807 776 891 παῖδες,
826 802 861 871 ὁ
898 803 1192 891 τριετής,
1230 811 1442 891 φημί,
1480 806 1592 871 καὶ
1631 803 1666 871 ὁ
1706 805 2103 891 πενταετής,
2142 806 2290 892 περὶ
2324 795 2402 870 ὧν
2504 834 2505 839 ’

497 904 733 994 πρςόην
768 902 962 972 εἷπον
1012 908 1107 994 τῷ
1155 905 1383 992 κράτει
1429 925 1590 991 σου,
1640 908 1753 974 καὶ
1810 897 2012 984 οὗτος
2063 905 2100 973 ὁ
2154 906 2402 996 γηραιὸς

497 1005 881 1092 καθηγητὴς
931 1008 1150 1093 πολλῇ
1200 1011 1281 1092 τῇ
1333 1006 1577 1090 γνώσει
1625 1009 1738 1074 καὶ
1787 1009 1870 1094 τῇ
1922 1010 2190 1076 συνέσει
2232 1006 2396 1076 κεκό-

498 1127 764 1194 σμηντο.
834 1107 945 1174 καὶ
1002 1108 1150 1192 ἐμέ,
1203 1106 1295 1185 ὥς
1326 1098 1613 1192 νομίζω,
1659 1106 1810 1175 κατ’
1855 1111 2161 1187 ἐκείνους
2196 1107 2230 1175 ὁ
2272 1107 2400 1195 ἐμὸς

496 1208 896 1286 διδάσκαλος
942 1206 1407 1276 άπετέλεσεν.“

422 1336 470 1374 10
644 1309 718 1376 Ὁ.
751 1308 828 1377 δὲ
861 1307 1177 1396 βασιλεὺς
1231 1315 1357 1395 ἔφη
1407 1309 1578 1395 πρὸς
1622 1308 1743 1375 τὸν
1792 1309 1984 1377 υἱόν·
2044 1307 2401 1397 ,,γνι“όρισόν
2448 1336 2452 1342 ·

494 1436 603 1495 μοι
639 1409 915 1495 λοιπόν,
952 1401 1005 1475 ὦ
1055 1411 1203 1494 υἱέ,
1256 1411 1400 1488 πῶς
1440 1411 1515 1478 ἐν
1547 1424 1693 1488 τοῖς
1740 1412 2161 1498 προλαβοῦσι
2205 1409 2397 1497 τρισὶν

498 1516 710 1578 ἔτεσιν
764 1509 844 1577 οὐ
902 1510 1295 1597 μεμάθηκας
1348 1510 1474 1595 τὴν
1526 1514 1661 1577 νῦν
1724 1514 2271 1598 προσγενομένην
2317 1529 2397 1577 σοι

497 1610 875 1697 λογιότητα,
902 1611 1144 1695 νῦνδὲ
1176 1614 1250 1679 ἐν
1276 1612 1511 1697 μόνοις
1540 1625 1681 1689 τοῖς
1711 1610 1777 1688 ἓξ
1805 1613 2011 1698 μησὶν
2043 1615 2154 1680 ἐπὶ
2182 1615 2397 1680 τοσοῦ-

291 1737 472 1785 paasn.
494 1737 613 1778 τον
664 1719 909 1798 σοφίας
945 1709 1160 1799 ἤρθης
1178 1712 1244 1793 ;“
1300 1714 1412 1779 καὶ
1451 1711 1487 1778 ὁ
1531 1728 1690 1791 παῖς
1727 1711 2168 1801 ἀπεκρίνατο·
2207 1711 2399 1798 ,,τότε,

423 1839 471 1877 15
500 1802 551 1878 ὦ
586 1815 898 1899 βασιλεῦ,
936 1821 1187 1900 νηπίου
1225 1810 1420 1892 ὄντος
1455 1839 1622 1900 μου,
1661 1811 1742 1881 οὐ
1782 1814 2180 1901 συνήργουν
2214 1811 2397 1896 ἀλλή-

495 1921 640 1991 λαις
678 1919 755 1981 αἱ
783 1913 1225 2002 ὑπάρχουσαί
1253 1941 1387 2001 μου
1423 1916 1542 1998 τῆς
1572 1918 1791 2001 ψυχῆς
1826 1917 1939 1983 καὶ
1967 1918 2091 1982 τοῦ
2124 1916 2399 2001 σωματος

494 2015 862 2101 αἰσθήσεις.
924 2019 998 2085 ἐν
1023 2014 1250 2106 ἡλικία
1281 2015 1414 2104 γὰρ
1442 2014 1680 2094 παιδὸς
1710 2014 1903 2097 ὄντος
1930 2042 2064 2104 μου
2092 2017 2241 2085 τότε
2269 2011 2399 2084 οὔτε

495 2121 566 2184 οἱ
597 2114 950 2204 ὀφθαλμοὶ
998 2113 1039 2204 ἢ
1075 2116 1117 2204 ἦ
1156 2121 1460 2204 γλῶττα,
1509 2115 1666 2185 οὔτε
1713 2115 1750 2185 ὁ
1785 2121 1952 2197 νοῦς
2000 2114 2043 2205 ἢ
2088 2117 2130 2205 ἦ
2179 2120 2396 2207 καρδία

493 2215 805 2303 ἀλλήλοις
843 2216 1184 2303 ἠδύναντο
1211 2222 1545 2305 βοηθῆσαι
1571 2218 1742 2306 πρὸς
1767 2219 1891 2305 τὴν
1926 2222 2069 2286 τῶν
2103 2215 2396 2307 μαθημά-

416 2347 465 2384 20
492 2344 631 2384 των
693 2323 1165 2387 διδασκαλίαν·
1231 2317 1396 2387 οὐδὲ
1447 2319 1746 2388 δυνατόν
1802 2322 1980 2387 ἐστιν
2038 2326 2135 2388 ἔτι
2185 2317 2396 2407 νηπιόν

492 2445 715 2505 φρονα
752 2416 916 2487 ὄντα
954 2418 1250 2499 εὐκόλως
1298 2423 1550 2505 γνῶσιν
1590 2420 2137 2508 ἐκδιδάσκεσθαι,
2185 2418 2398 2489 καθότι

492 2516 674 2587 ἅπαν
711 2526 1023 2609 παιδίον,
1059 2538 1200 2600 τοῖς
1237 2529 1573 2607 παιγνίοις
1620 2524 1733 2589 καὶ
1769 2524 1852 2608 τῇ
1892 2519 2099 2611 ἀργία
2137 2521 2394 2610 εὐφραι-

492 2621 814 2708 νόμενον,
866 2622 948 2691 οὐ
996 2624 1303 2711 προσέχει
1351 2622 1472 2689 τὸν
1520 2626 1694 2690 νοῦν
1746 2625 1819 2690 ἐν
1862 2638 2005 2701 τοῖς
2053 2623 2392 2710 μαθήμασι.

493 2721 705 2809 κάγώ,
747 2715 798 2790 ὦ
834 2728 1137 2809 βασιλεῦ,
1178 2723 1302 2791 τὸν
1340 2720 1570 2809 ὅμοιον
1604 2723 1858 2811 τρόπον
1892 2724 2042 2791 τότε
2076 2727 2160 2812 τῇ
2196 2722 2395 2810 ἡλικίᾳ

417 2847 467 2887 25
494 2824 607 2889 καὶ
644 2827 726 2909 τῇ
767 2823 1011 2908 γνώσει
1044 2825 1443 2910 τυγχάνων,
1480 2823 1687 2892 οὐδὲν
1724 2822 1898 2904 ὅλως
1934 2826 2071 2892 τῶν
2108 2828 2395 2894 διδασκο·

630 3087 660 3135 2
698 3076 727 3135 ὃ
769 3081 1010 3150 ἔμπορος
1048 3089 1153 3135 noli
1187 3089 1360 3137 delere
1522 3092 1553 3137 5
1588 3089 1656 3151 ef.
1693 3090 1773 3144 92,
1811 3090 1842 3136 6
2017 3091 2046 3138 7
2083 3074 2396 3153 καθηγητὴς

493 3171 583 3206 om.
621 3154 694 3202 V:
744 3153 952 3203 emhibet
985 3153 1037 3200 M
1078 3169 1272 3219 quoque
1446 3157 1508 3205 10
1544 3153 1593 3221 β.
1633 3147 1941 3219 ὑπολαβών
1980 3150 2097 3220 ἔφη
2133 3155 2190 3204 Μ
2343 3150 2398 3198 1⁶2

492 3216 954 3285 προσγενομένην
987 3222 1176 3283 scripsi
1217 3229 1273 3270 ut
1316 3231 1393 3272 est
1427 3224 1479 3271 in
1513 3222 1594 3271 M:
1642 3217 2097 3288 προσγινομένης)
2131 3223 2293 3280 ABV3
2326 3215 2392 3276 ,vf-

491 3290 537 3336 E
694 3280 756 3336 16
793 3285 924 3352 μου]
959 3304 1058 3352 μοι
1096 3290 1152 3338 Μ
1304 3292 1363 3340 17
1402 3281 1464 3339 ἐν
1501 3326 1512 3338 .
1537 3325 1549 3339 .
1586 3307 1636 3340 κ.
1677 3293 1739 3340 18
1775 3306 1867 3342 om.
1906 3289 1957 3337 D
2115 3292 2178 3339 22
2212 3280 2395 3352 οἷργείᾳ

489 3357 541 3404 V
676 3356 741 3405 23
781 3347 924 3420 [ἔνΓΡ
968 3357 1065 3405 sed
1096 3373 1393 3422 quamquam
1427 3359 1555 3407 male
1592 3359 1841 3417 additum,
1889 3374 1922 3406 a
1956 3359 2213 3422 scriptore
2255 3363 2395 3404 tamen

489 3424 773 3486 profectum
809 3439 920 3473 esse
953 3426 1135 3487 potuit.
1173 3418 1477 3488 προσέχειν
1502 3442 1607 3473 eum
1637 3441 1824 3488 praep.
1866 3420 1950 3482 εἰς
1976 3422 2073 3489 (D)
2109 3424 2395 3474 recentiores

489 3493 1093 3605 ξαρριεδοοηἰιιῖιιικεναηὶ.ίῑ
1108 3488 1240 3554 περὶ
1275 3484 1379 3549 τὰς
1406 3489 1789 3550 διδασκαλίας
1825 3492 1880 3540 Μ
2023 3494 2089 3543 25
2126 3478 2395 3557 τυγχάνων

492 3572 525 3603 1.
554 3574 598 3608 e.
678 3572 1001 3620 ιακειμενος
