2563 4087
323 212 333 225 =
355 237 439 302 26
1229 241 1331 294 111.
1369 256 1421 291 u.

357 383 768 471 λεγομένων,
807 380 842 451 ὁ
879 385 1033 463 νέος
1060 383 1385 470 στραφεὶς
1413 377 1550 471 ἅμα
1590 382 1700 451 ἐπὶ
1730 382 1851 450 τὸν
1877 382 2090 453 τόπον
2122 390 2297 453 ἔνθα

151 512 328 562 p.35B.
354 484 478 573 τὴν
513 484 724 574 κόρην
763 487 836 553 ἐκ
871 487 994 553 τοῦ
1034 489 1248 554 ἵππου
1286 482 1692 572 κατήγαγεν,
1739 482 2046 573 ὥρμησεν
2082 484 2297 554 ἄπελ-

355 597 531 657 θεῖν.
587 588 703 655 καὶ
743 589 964 674 ἐκείνη
1001 586 1252 672 ταχέως
1290 586 1462 674 πρὸς
1499 584 1712 655 αὐτὸν
1741 577 1908 673 ἦλθε
1933 588 2049 655 καὶ
2089 590 2296 677 ἐπέβη

356 691 480 759 τοῦ
503 692 736 759 ἵππου
776 688 868 768 ὥς
903 688 979 757 τὸ
1017 687 1367 777 πρότερον.
1442 686 1479 757 ὁ
1533 687 1609 757 δὲ
1643 689 1797 768 νέος
1835 688 2106 778 σφόδρα
2146 690 2296 758 ἑδε-

304 820 329 861 5
357 794 486 860 δίει
519 791 634 858 καὶ
674 795 904 878 ἔτρεμε
935 789 1211 878 ταύτην.
1278 791 1395 858 καὶ
1432 791 1611 876 λέγει
1645 788 1832 882 αὐτῷ
1873 792 2126 878 ἐκείνη·
2179 799 2304 879 ,,τι’

360 890 660 979 ,,οῧτως,
697 883 752 960 ὦ
787 899 1054 979 νεανία,
1088 892 1347 980 τρέμεις
1381 894 1496 961 καὶ
1533 894 1843 972 δέδοικας
1859 891 1926 976 ;“
1981 890 2018 961 ὁ
2056 892 2134 961 δὲ
2166 894 2292 961 τοῦ

354 994 683 1081 βασιλέως
716 992 873 1073 υίὸς
910 992 1081 1082 πρὸς
1115 991 1335 1080 αὐτὴν
1369 991 1783 1082 ἀντέφησεν·
1824 996 2294 1083 ,,ἐνθυμηθ·είς

358 1121 586 1182 ,,τινος
634 1098 772 1163 τῶν
807 1095 1151 1185 ὁμηλίκων
1186 1096 1302 1163 καὶ
1354 1097 1616 1164 ἐκεῖνον
1652 1095 2080 1184 φοβούμενος
2111 1094 2296 1165 ὑπο-

356 1194 693 1285 ,,τρε’μω.“
766 1193 809 1283 ἢ
844 1197 922 1266 δὲ
957 1196 1127 1287 πρὸς
1163 1194 1411 1266 αὐτὸν·
1454 1198 1611 1284 ,,διά
1645 1205 1720 1266 τί
1751 1197 1836 1266 σύ
1873 1199 1962 1286 μὴ
2002 1203 2291 1286 δωρεαῖς

276 1328 328 1368 ιο
357 1300 521 1388 ,,καὶ
568 1307 932 1389 χαρίσμασι
974 1299 1098 1368 τὸν
1150 1301 1418 1368 ἐκείνου
1471 1298 1704 1387 θυμὸν
1756 1297 2292 1388 καταπραΰνεις;

356 1402 619 1489 ,,λέγεις
670 1428 804 1490 γαρ
857 1399 1042 1471 εἷναί
1090 1420 1163 1470 σε
1214 1403 1542 1489 βασιλέως
1601 1401 1800 1490 υῖόν,
1861 1404 1976 1470 καὶ
2031 1403 2291 1470 πολλοῦ

355 1508 692 1590 ,,χρυσίου
731 1501 1061 1591 εὐπορεῖς.
1068 1501 1113 1535 “
1177 1505 1294 1571 καὶ
1330 1501 1366 1572 ὁ
1394 1506 1546 1583 νέος
1575 1502 1777 1572 πάλιν
1805 1512 2048 1592 φησίν·
2089 1501 2288 1591 ,,ἆλλ’

357 1603 487 1693 „013
543 1602 652 1672 διὰ
716 1602 1146 1694 χαρισματων
1208 1608 1468 1686 ἐκεῖνος
1539 1607 1685 1693 ἐμοὶ
1740 1612 1978 1692 φιλίαν
2044 1603 2289 1675 ποιεῐ.“

352 1707 469 1774 καὶ
516 1704 559 1791 ἡ
612 1706 819 1795 λάμια
879 1704 1051 1795 πρὸς
1100 1703 1348 1776 αὐτόν·
1413 1707 1935 1795 ,,παρακάλεσον
1978 1704 2101 1775 τόν
2156 1730 2295 1774 πα-

277 1835 327 1877 15
356 1809 564 1896 ,,τε’ρα
601 1828 766 1895 σου,
817 1809 928 1877 καὶ
966 1807 1177 1889 αὐτός
1232 1832 1309 1877 σε
1342 1813 1461 1896 τῆς
1495 1815 1735 1889 κακίας
1772 1806 2292 1897 ἐλευθερώσει.“

351 1911 466 1977 καὶ
513 1908 550 1978 ὁ
586 1912 773 1990 νέος·
825 1908 1040 1998 ,,οὐδὲ
1090 1910 1125 1978 ὁ
1175 1910 1395 1999 πατήρ
1430 1937 1600 1999 μου,
1635 1917 1920 1999 νομίζω,
1968 1911 2294 1979 δύναται·

355 2008 585 2100 ,,ὃ’μως
634 2013 858 2093 καλως
906 2011 1100 2093 εἶπας
1148 2014 1264 2082 καὶ
1317 2011 1711 2137 πρεπόντως
1766 2011 2086 2101 ἔφησας.“
2174 2013 2294 2082 καὶ

352 2111 571 2194 ευθύς
608 2120 705 2193 είς
742 2112 1041 2203 οὐρανὸν
1090 2112 1128 2183 ὁ
1165 2116 1321 2196 νέος
1356 2142 1522 2195 τους
1570 2112 1979 2203 ὀφθαλμους
2014 2114 2296 2183 ἀνατεί-

350 2241 474 2294 νας
525 2217 640 2288 καὶ
687 2215 810 2296 τὰς
857 2231 1124 2304 χεῖρας,
1168 2218 1524 2305 ,,δε’σποτα
1562 2215 1892 2305 Χριστέ,“
1932 2215 2298 2305 παρεκαλει

145 2343 325 2443 Ρπὲ)
354 2317 597 2404 λέγων,
635 2318 804 2406 „1569
839 2343 952 2405 μοι
983 2320 1078 2408 τῷ
1117 2318 1344 2409 δούλω
1382 2339 1508 2387 σου
1548 2318 1944 2404 κατισχῦσαι
1976 2322 2098 2386 τοῦ
2136 2322 2294 2386 δαι-

357 2427 649 2506 ,,μονίου
698 2417 945 2488 τούτου
970 2471 988 2505 ,
1034 2420 1149 2487 καὶ
1195 2445 1336 2487 των
1394 2417 1613 2488 αὐτοῦ
1661 2447 1743 2508 με
1793 2445 2295 2508 μηχανηματων

360 2518 858 2610 ,,ἐξα’ρπασον.“
930 2523 1048 2589 καὶ
1084 2522 1301 2589 ταῦτα
1335 2520 1585 2592 τούτου
1624 2519 2027 2610 εὐξαμένου,
2066 2523 2290 2609 ἐκείνη

355 2623 604 2710 ἑαυτὴν
656 2622 837 2692 κάτω
887 2624 1106 2710 ῥίπτει
1154 2623 1267 2691 ἐπὶ
1315 2626 1438 2692 τοῦ
1497 2621 1797 2710 ἐδάφους
1856 2625 1970 2691 καὶ
2024 2624 2119 2714 τῷ
2180 2628 2298 2708 χοῒ

355 2726 738 2794 ἐνεκυλίετο
756 2777 774 2811 ,
823 2725 940 2792 καὶ
990 2724 1437 2812 δοκιμάζουσα
1487 2723 1858 2813 ἀναστῆναι
1906 2722 2061 2793 οὐδ’
2115 2721 2292 2803 ὅλως

272 2851 324 2891 25
357 2835 607 2912 ἴσχυεν.
673 2824 709 2894 ὁ
758 2823 834 2893 δὲ
867 2827 1022 2905 νέος
1058 2823 1328 2894 ἅπαντα
1371 2825 1653 2913 χαλινὸν
1698 2825 2035 2914 χαλάσας,
2073 2825 2291 2914 ἄκρα-

351 3038 503 3074 ουτω
541 3017 861 3088 λεγομένων
897 3016 1027 3081 νέος
1051 3023 1330 3089 στραφείς
1352 3024 1426 3073 A:
1463 3026 1636 3090 itaque
1672 3026 1724 3075 in
1759 3025 2000 3075 communi
2032 3024 2162 3075 libro
2199 3040 2291 3073 ar·-

350 3092 569 3155 chetypo
602 3094 709 3140 tria
742 3092 831 3140 illa
865 3090 1113 3141 uocabula
1148 3093 1338 3141 omissa
1372 3095 1456 3143 uel
1487 3094 1542 3142 in
1575 3095 1803 3173 maryine
1835 3094 1918 3143 uel
1950 3094 2091 3142 intra
2125 3094 2290 3141 lineas

348 3161 594 3237 suppleta
624 3165 775 3209 erant
946 3161 971 3207 1
1020 3149 1201 3209 τύπον
1235 3158 1285 3207 A
1456 3162 1488 3210 2
1522 3154 1688 3224 κόριν
1720 3162 1769 3211 A
1803 3175 2154 3238 nonnunquam

351 3226 384 3276 8
419 3216 712 3306 ὁμιλήκων
736 3224 912 3277 ARV:
950 3242 1091 3278 corr.
1120 3226 1461 3278 Boissonade
1568 3229 1628 3277 11
1667 3225 1882 3279 πολλοῦ
1907 3218 2134 3294 δήπου
2167 3243 2254 3294 χρ.
2264 3230 2290 3277 ?

491 3295 553 3343 12
600 3284 835 3357 ἄπορεις
871 3296 934 3349 Α.
984 3286 1329 3358 ευπορεῐνῗῗ
1528 3299 1590 3346 13
1635 3299 1810 3347 ποιεῖ.
1851 3291 1987 3375 καὶ]
2047 3298 2177 3346 acile
2212 3303 2293 3345 est

352 3376 617 3427 comyere
652 3364 923 3413 ποιεῖται.
962 3362 1090 3413 καὶ.
1123 3365 1222 3414 sed
1254 3365 1324 3426 cf.
1360 3380 1416 3429 p.
1441 3366 1508 3415 70
1536 3364 1599 3414 Β.
1741 3366 1804 3415 15
1841 3352 2019 3423 αυτός
2079 3351 2288 3423 ehtde?

355 3427 519 3491 (ἴσως
544 3428 617 3495 D)
760 3431 823 3480 16
848 3421 1020 3482 ουὸὲν
1043 3431 1092 3480 Α
1227 3433 1341 3484 20.
1365 3449 1466 3482 .v.
1487 3430 1659 3482 .1ibrz·
1794 3433 1862 3481 24
1897 3426 2290 3510 ὃοκιμαζουσα

351 3496 421 3576 ef.
456 3499 659 3576 24,13.
800 3500 867 3549 26
905 3497 1105 3564 ἴσχυεν
1139 3501 1174 3551 ἰ.
1200 3517 1245 3552 ε.
1285 3491 1542 3566 ἠδύνατο
1578 3497 1674 3564 (D)
1815 3493 2068 3568 χαληνόν
2102 3501 2152 3550 V

350 3558 467 3615 ἀντὶ
502 3556 750 3630 κρατοςῗ
1139 3597 1157 3609 s
