2563 4087
426 250 556 315 210
1249 257 1529 327 Excerpta

429 380 618 453 σιτάρι
649 385 659 452 Ι
688 390 773 451 59,
814 390 842 438 ’1
879 379 1101 453 τρόπαν
1133 388 1143 450 Ι
1173 390 1255 449 59,
1295 390 1359 439 10
1395 381 1475 453 ἐγ.
1514 406 1564 454 γ.
1600 404 1648 442 τ.
1673 407 1755 452 τρ.
1779 406 1857 441 om
1893 390 2016 454 Ι69,
2047 393 2238 442 14-20
2254 387 2353 450 ἕως

429 466 504 522 νᾶ
544 467 689 539 ἔλθη
728 464 758 525 ὃ
807 464 1120 538 χειμῶνας,
1175 463 1328 523 ὀποῦ
1383 468 1485 524 «nv
1540 466 1877 538 εὖρίσκομεν
1932 466 2005 526 vd
2060 471 2348 541 βόσκομεν·

427 555 529 608 καὶ
553 549 698 609 αὐτὸ
727 552 903 622 λέγει·
941 554 1128 615 καλῶς
1157 550 1323 615 εἶπας
1348 545 1420 616 ἇς
1456 549 1519 607 τὸ
1549 549 1923 624 φυλάξωμεν·
1961 557 2061 611 καὶ
2098 551 2208 611 ἀπὸ
2232 555 2351 610 τότε

431 637 678 707 ἔβοσκαν
715 636 823 703 ἔξω
861 638 943 700 εἰς
980 633 1051 691 τοὶ
1076 632 1364 706 χωράφια.
1403 637 1607 693 λοιπὸν
1629 633 1853 693 ὁπόταν
1888 636 2182 707 §paganam
2216 633 2349 695 αὐτὸ

429 720 510 782 τὰ,
532 720 721 789 σιτοὶρι
758 716 830 775 τὰ
864 719 1223 790 περιστέρια,
1261 712 1404 788 ἦτον
1429 719 1665 792 χλορὸν·
1701 716 1852 792 ὅμως
1879 722 2033 792 ἒγινε
2055 720 2199 780 πολὺ
2221 722 2349 779 καύ-

430 828 512 875 μα
543 808 645 861 καὶ
682 799 1011 875 ἐξηράνθη·
1048 806 1149 860 καὶ
1184 808 1326 874 μίαν
1364 802 1588 874 ἡμέραν
1618 810 1627 873 Ι
1675 813 1763 874 60,
1799 815 1831 864 3
1866 810 1955 876 βλ.
2007 810 2126 871 πῶς
2176 803 2350 878 ὀλιγό-

431 908 631 946 στευσε
668 887 732 945 τὸ
769 890 957 959 σιτοῖρι
987 895 997 955 Ι
1027 896 1110 955 60,
1145 896 1181 945 4
1227 893 1477 958 εἴπαμεν
1526 892 1535 959 Ι
1582 898 1667 958 60,
1705 897 1736 945 6
1791 888 1902 962 ἐγώ
1936 894 2122 955 ποσῶς
2160 892 2257 949 ὃὶν
2290 890 2349 947 τὰ

432 972 667 1030 ἐπίασα·
722 975 825 1030 καὶ
881 972 1020 1030 αὐτὸ
1078 973 1182 1029 &zv
1235 975 1567 1031 ἐπίστευσεν
1601 978 1927 1042 παντελῶς,
1983 973 2087 1045 οἶμι
2135 977 2349 1044 ἔκρουσε

432 1065 531 1126 (om
570 1057 622 1121 ἅ.
659 1050 762 1129 ἦν)
793 1064 804 1129 Ι
835 1066 923 1128 60,
962 1067 1022 1113 11
1078 1056 1142 1114 τὸ
1200 1053 1389 1127 σιτᾶρι
1444 1057 1510 1114 τὸ
1565 1059 1872 1129 κρυμένον,
1927 1062 2026 1115 καὶ
2083 1056 2351 1131 ἐγήμησεν

435 1150 471 1211 (.
496 1185 508 1199 .
536 1163 682 1200 ισενε
737 1150 809 1212 cf.
844 1149 927 1210 68,
968 1150 1032 1199 15
1074 1141 1351 1214 ἑγέμησεν
1396 1138 1529 1207 ὅλος
1566 1150 1614 1196 D
1654 1157 1705 1198 et
1742 1165 1789 1197 n.
1829 1152 1912 1211 69,
1954 1148 2038 1213 10)
2076 1142 2106 1201 ὁ
2143 1142 2302 1208 τόπος
2336 1146 2342 1195 Ι

430 1236 514 1295 60,
553 1237 617 1285 18
669 1225 959 1298 ὠφελήθη
1008 1230 1017 1297 Ι
1064 1234 1149 1293 60,
1191 1233 1254 1281 19
1308 1226 1426 1297 μὴν
1478 1226 1677 1295 πάθης
1729 1230 1830 1283 καὶ
1880 1225 1980 1284 ἐστὶ
2016 1228 2088 1285 τα
2124 1224 2343 1299 ὅμοια..

431 1316 532 1369 καὶ
568 1314 737 1370 θέλει
772 1315 961 1382 συμβῇ
1001 1315 1114 1380 (22)
1147 1313 1156 1380 Ι
1186 1317 1269 1377 61,
1308 1320 1340 1368 3
1377 1307 1430 1370 ἆ.
1457 1333 1515 1382 μ.
1542 1314 1593 1381 β.
1628 1332 1690 1366 π.
1727 1317 1788 1368 θ.
1826 1334 1904 1368 om
1933 1316 1943 1378 Ι
1972 1321 2058 1384 61,
2096 1321 2128 1369 5
2163 1311 2235 1371 νᾶ
2255 1333 2349 1371 σου

432 1394 747 1470 φανερῶσω
782 1398 1154 1459 καταλεπτῶς
1191 1404 1324 1460 ταῖς
1347 1400 1654 1467 πονηρίαις
1693 1399 1805 1452 τῶν
1831 1403 2121 1466 ’γυναικῶν
2152 1405 2160 1468 Ι
2186 1406 2267 1467 61,
2291 1404 2349 1452 16

430 1485 531 1539 καὶ
568 1480 744 1552 ἐπῆρε
779 1482 881 1537 καὶ
915 1477 1325 1549 μουστόπηταν
1354 1484 1365 1549 Ι
1395 1487 1481 1549 61,
1511 1486 1572 1534 16
1608 1477 1788 1550 μόνον
1824 1478 1941 1537 ἆπὸ
1979 1480 2088 1551 τήν
2122 1480 2344 1553 μουστά-

432 1588 613 1622 πιταν
662 1560 904 1636 ἅφηκαν
949 1560 1161 1635 ὀλίγων
1209 1567 1218 1633 Ι
1265 1570 1350 1631 61,
1392 1571 1455 1620 18
1490 1566 1590 1620 καὶ
1626 1562 1861 1634 μορφήν
1885 1587 1964 1621 om
2009 1570 2035 1634 Ι
2067 1573 2149 1632 61,
2186 1573 2244 1621 19
2277 1588 2346 1622 un.

434 1650 513 1720 μὴ
539 1695 550 1706 .
573 1691 585 1705 .
607 1648 816 1706 τούτου
852 1671 929 1706 om
963 1655 1013 1704 D
1039 1660 1209 1705 redet
1261 1655 1438 1704 molius
1480 1655 1800 1709 delevissent:
1852 1673 1901 1705 u.
1939 1657 2004 1706 22
2041 1653 2157 1719 161,
2189 1658 2251 1705 22
2282 1647 2351 1712 ὡς

433 1738 662 1805 πρῶτον
691 1738 701 1801 Ι
730 1741 816 1797 62,
856 1741 883 1787 1
922 1729 1032 1802 τήν
1065 1729 1425 1803 μουστόπιτα
1460 1729 1690 1802 ἐκείνην
1738 1735 1822 1798 εἰς
1859 1734 2018 1799 εἶδος
2052 1733 2350 1804 ἐλεφαντος

437 1824 444 1892 Ι
486 1827 572 1888 62,
612 1827 641 1873 2
679 1820 779 1874 καὶ
817 1812 966 1887 αὐτῆ
1003 1819 1339 1888 τεχνετὶεται
1392 1818 1492 1873 καὶ
1527 1821 1782 1889 σκεπάζη
1829 1815 1940 1888 τὴν
1974 1815 2258 1877 ὑπόθεσιν
2288 1838 2348 1888 με

433 1907 542 1973 τὴν
578 1905 978 1972 πανουργίαν,
1019 1902 1123 1957 διὰ
1158 1898 1234 1957 νὰ
1269 1899 1388 1970 μὴν
1426 1900 1490 1958 τὸ
1526 1898 1770 1972 γρικήση
1819 1907 2045 1974 (γροικ.)
2081 1906 2181 1960 καὶ
2215 1905 2348 1973 λέγει

432 2064 533 2098 του
565 2047 574 2109 Ι
604 2047 689 2108 62,
715 2047 746 2094 6
781 2039 882 2094 καὶ
921 2034 1216 2109 ἔγκρέμισὲ
1251 2026 1339 2107 με’
1361 2039 1460 2093 καὶ
1488 2005 1873 2109 ἔκατῗποῖτησέ
1915 2061 1986 2111 με
2016 2042 2026 2111 Ι
2058 2047 2141 2109 62,
2181 2048 2208 2095 7
2243 2034 2348 2107 ἐξύ-

434 2145 624 2197 πνησα
656 2128 665 2194 Ι
695 2131 779 2192 62,
800 2129 832 2178 8
854 2124 938 2187 εἰς
965 2120 1068 2179 τὸν
1094 2120 1175 2181 ὄν.
1207 2124 1215 2191 Ι
1250 2130 1310 2176 11
1335 2122 1436 2179 ἕνα
1464 2122 1620 2186 εἶδος
1648 2119 1722 2187 ὡς
1749 2121 1947 2180 ἐκείνω
1982 2128 2087 2180 τοῦ
2125 2123 2345 2194 ἐλέφαν·

431 2232 547 2280 τος,
582 2201 722 2278 162,
763 2215 825 2263 15
863 2208 1002 2277 λα’βε
1040 2208 1139 2262 καὶ
1177 2228 1252 2262 om
1300 2212 1310 2275 Ι
1360 2213 1442 2275 62,
1485 2214 1703 2276 17-63,
1745 2214 1771 2261 1
1809 2204 1918 2277 τὴν
1954 2207 2343 2277 μουστόπιταν.

435 2289 886 2362 τοιοῦτοτρόπως
926 2289 1293 2360 ἐκατόρθωσε
1331 2289 1394 2347 τὸ
1432 2292 1665 2362 πράγμα
1704 2283 1746 2347 ὦ
1784 2295 2045 2362 βασιλεῦ·
2084 2290 2158 2356 ὥς
2194 2289 2346 2362 ἥκου-

435 2398 552 2443 σες·
590 2372 680 2433 ὅτι
717 2370 824 2432 ὅσα
863 2376 904 2435 ἔ.
942 2372 1033 2446 ἦν.
1066 2378 1078 2442 Ι
1106 2383 1187 2442 63,
1213 2382 1245 2430 5
1281 2379 1392 2432 εἴτι
1428 2378 1528 2431 καὶ
1567 2369 1640 2431 ἂν
1678 2378 2042 2447 βουληθοῦν,
2092 2375 2348 2434 ὃύνονται

435 2486 507 2519 να
545 2460 607 2518 τὸ
647 2457 887 2531 κάμουν.
926 2456 1178 2525 ἀκούσας
1214 2483 1271 2515 π.
1303 2464 1313 2530 Ι
1344 2466 1427 2528 63,
1452 2468 1484 2516 8
1521 2463 1620 2516 καὶ
1658 2460 1743 2524 εἰς
1780 2455 1964 2529 αὐτὴν
2004 2460 2112 2530 τὴν
2150 2459 2349 2532 ἡμέραν

434 2546 469 2619 ἡ
512 2548 657 2621 Ιγυνῆ
695 2543 730 2617 ἡ
770 2547 1019 2609 παλακὶς
1054 2541 1314 2615 μεγάλως
1339 2541 1636 2616 ἐλυπήθη,
1677 2540 1831 2601 ὡσᾶν
1856 2566 1930 2600 να
1954 2535 2175 2614 ἤθελεν
2198 2544 2346 2612 πάθη

434 2637 507 2701 (αι
527 2638 849 2703 eoepresserie
884 2632 1217 2699 πεισομένη)
1248 2636 1257 2697 Ι
1290 2635 1374 2697 63,
1402 2638 1465 2685 13
1489 2622 1715 2700 ,αὔριον
1736 2630 1944 2699 βέβαια
1978 2629 2130 2701 θέλῃ
2153 2625 2347 2697 λαλήση

434 2720 536 2773 τοῦ
590 2716 806 2785 πατρός
861 2733 988 2769 του·
1044 2711 1119 2769 να
1174 2709 1478 2783 φανερώση
1534 2710 1605 2768 τὰ
1643 2713 1867 2783 πονηρὰ
1921 2718 2019 2769 καὶ
2069 2715 2223 2770 κακοί
2250 2733 2348 2783 μου

437 2802 600 2870 ἔργα·
656 2802 757 2855 καὶ
794 2792 887 2868 ὅχι
924 2796 1103 2867 μόνον
1139 2795 1213 2854 vo}
1267 2794 1697 2867 ἔντροπιασθῶ,
1737 2792 1843 2867 ἆμὶ
1879 2796 1956 2852 νοῖ
1990 2820 2061 2869 με
2098 2794 2344 2869 παραδωῖ

437 2905 575 2940 σουν
613 2884 711 2938 καὶ
750 2882 831 2945 εἰς
866 2877 1148 2937 θάνατον.
1209 2878 1409 2938 λοιπὸν
1464 2878 1753 2951 καλήτερα
1806 2879 1881 2936 νὰ
1938 2883 2211 2952 φονευθῶ
2245 2876 2343 2935 ἀπὸ

436 2967 508 3024 τὰ
548 2967 718 3023 &aad
750 2985 862 3035 μου
898 2964 1087 3036 χὲρια,
1124 2963 1266 3038 παρ’
1305 2958 1371 3023 οὗ
1408 2987 1484 3021 να
1522 2969 1645 3023 υπῶ
1680 2962 1799 3022 ἅλω
1833 2970 2031 3022 τίποτε
2067 2969 2166 3022 τοῦ
2201 2968 2341 3036 βασι·

440 3053 600 3115 λέως.
633 3053 643 3120 Ι
673 3055 755 3117 63,
797 3057 858 3103 21
912 3045 1162 3119 ἕμοῖζωξε
1216 3047 1287 3105 τὰ
1334 3050 1516 3121 ὁοῦχα
1564 3071 1687 3122 της·
1744 3051 1943 3106 ἔπειτα
1980 3049 2041 3106 εἷ
2070 3073 2123 3106 τι
2161 3051 2251 3105 καὶ
2282 3040 2343 3101 ἄν

442 3135 590 3206 εἶχε,
628 3155 699 3190 τα
737 3131 999 3202 ἔμοίρασε
1030 3138 1040 3205 Ι
1071 3141 1154 3200 63,
1184 3142 1407 3202 24-64,
1436 3142 1498 3190 13
1524 3137 1622 3190 καὶ
1650 3129 1893 3202 ἅναψαν
1918 3132 2174 3207 μεγάλην
2197 3136 2342 3189 στιάν

438 3227 490 3289 (ἰ.
504 3244 546 3291 q.
574 3216 785 3284 ἑστίαν,
806 3217 1035 3288 πυράν).
1066 3218 1190 3274 εἶτα
1210 3212 1459 3289 ὅρμησεν
1478 3217 1515 3289 ἡ
1536 3222 1686 3290 γυνῆ
1705 3220 1776 3274 vo}
1797 3221 1939 3289 πέση
1962 3219 2036 3275 νά
2058 3223 2191 3289 καῆ·
2213 3215 2343 3273 διότι

434 3302 727 3362 ὖπόπτευε
763 3304 882 3367 πῶς
920 3297 1121 3372 αὔριον
1158 3303 1310 3374 θὲλη
1335 3303 1504 3376 πάθη
1564 3307 1791 3367 τίποτες
1830 3301 2028 3359 κακὸν.
2075 3305 2170 3359 καὶ
2205 3302 2343 3357 ἔσον-

435 3412 537 3456 τας
574 3386 648 3444 νά
687 3388 836 3459 σώση
874 3391 1166 3457 (adveniat)
1205 3391 1306 3443 καὶ
1341 3385 1378 3458 ἦ
1421 3383 1643 3459 εὖδόμη
1668 3385 1859 3458 ἡμέρα
1885 3385 2036 3445 ὀποῦ
2073 3388 2257 3456 ἔμελλε
2278 3402 2343 3436 να

440 3470 656 3543 λαλήση
694 3469 723 3529 ὁ
761 3472 888 3535 υἱὸς
924 3470 1025 3528 τοῦ
1063 3471 1366 3541 βασιλέως·
1405 3468 1743 3543 ἐμελλὲτησε
1778 3469 1851 3529 vo}
1888 3468 2045 3543 κόμη
2083 3473 2178 3528 καὶ
2213 3464 2345 3533 αὐτῆ

437 3562 609 3614 τοῦτο
662 3553 726 3611 τὰ
780 3554 965 3611 κακὸν
1018 3557 1117 3610 καὶ
1171 3555 1502 3623 παράξενον
1556 3556 1863 3626 βούλευμα.
1905 3554 2109 3613 λοιπόν
2145 3551 2347 3623 ἐλέγετο
