2563 4087
448 230 533 292 94
1215 232 1368 281 v111.
1405 233 1440 286 i.
1479 235 1528 282 ε.
1567 235 1616 286 3.

448 379 735 458 ,,πλεῖον
770 378 1343 459 διεφωτίσθησαν,
1371 374 1486 441 καὶ
1523 377 1595 441 oc
1624 376 1963 460 μυκτῆρές
1998 399 2133 461 μου
2160 377 2290 460 τῆς
2323 378 2404 444 ἐν

446 472 734 558 „adfuls-
780 473 1206 561 ἀκαθαρσίας
1244 477 1832 563 ἐκαθαρίσθησαν,
1880 478 1996 544 καὶ
2042 475 2120 543 τὸ
2159 501 2395 564 παρα-

445 576 693 661 ,,τεθε’ν
727 602 840 662 μοι
878 574 1127 662 ἑψητὸν
1160 575 1332 663 πρὸς
1378 576 1639 661 τροφὴν
1684 576 1793 645 διὰ
1842 580 1966 645 τοῦ
2016 581 2400 665 κλαυθμοῦ

444 703 664 763 ,,μου,
704 685 774 744 εἴ
797 701 861 743 τι
895 679 1008 745 καὶ
1045 673 1318 763 ἤθελον,
1354 675 1650 756 εὐκόλως
1684 704 1796 765 μοι
1820 669 2061 764 ἦλθε.“
2115 680 2401 749 τούτων

390 780 581 844 εντῶν
616 777 840 863 λόγων
892 781 1020 845 τοῦ
1064 778 1305 858 παιδὸς
1342 776 1642 858 ἀκούσας
1679 777 1715 847 ὁ
1754 779 1926 868 ἀνὴρ
1968 780 2260 868 ἐνόησεν
2300 779 2399 860 οἱς

443 878 519 946 τὸ
559 884 836 947 παιδίον
873 879 1099 966 μεῖζόν
1138 882 1276 948 ἐστι
1310 883 1392 967 τῇ
1432 879 1675 966 γνώσει
1709 876 2019 967 ἢαύτός,
2054 884 2170 950 καὶ
2214 882 2395 951 ἀνα-

239 1007 362 1053 p.118
379 978 613 1059 Β.στάς
650 978 895 1049 αὐτίκα
933 979 1441 1068 προσεκύνησεν
1476 980 1922 1067 αὐτό,·εἰπών
1959 983 2132 1069 πρὸς
2169 983 2391 1052 αὐτό·

446 1080 691 1168 ,,ἀξιῶ,
745 1082 836 1168 μὴ
885 1082 1350 1171 κατηγορήσῃς
1400 1110 1483 1169 με
1533 1085 1687 1167 περὶ
1738 1074 1836 1152 ὧν
1877 1084 2173 1172 ἐλάλησα
2214 1087 2398 1173 πρὸς

444 1185 596 1269 ,,σε’·
637 1181 725 1318 οὐί
757 1183 887 1270 γὰρ
925 1187 1298 1269 ἐγίνωσκον
1326 1181 1436 1275 ὅτι,
1457 1185 1796 1272 τοσαύτην
1836 1192 2003 1271 ἔχεις
2040 1184 2168 1271 τὴν
2200 1187 2390 1275 φρό-

366 1314 413 1352 10
444 1283 751 1371 ,,νησιν.“
825 1286 940 1353 καὶ
975 1290 1190 1354 ταῦτα
1228 1285 1437 1353 εἰπών
1473 1283 1773 1371 ἀπῆλθε,
1820 1287 2033 1377 μηδὲν
2080 1286 2396 1376 ἀπρεπὲς

440 1387 552 1454 ἐπὶ
587 1390 669 1472 τῇ
709 1388 914 1475 μητρὶ
950 1386 1167 1454 αὐτοῦ
1209 1385 1678 1473 ἐργασάμενος.

569 1485 910 1556 ’Ἄκουσον
931 1478 1167 1579 (δέ),ῗ
1118 1515 1170 1555 ω
1189 1492 1496 1576 βασιλεῦ,
1513 1490 1629 1556 καὶ
1650 1489 1805 1574 περὶ
1823 1491 1945 1556 τοῦ
1970 1496 2393 1571 πενταετοῦς

439 1587 678 1666 παιδὸς
712 1592 829 1675 τῆς
869 1588 1252 1676 διηγήσεως.
1311 1587 1554 1676 άνδρες
1596 1591 2107 1678 πραγματευταὶ
2146 1590 2383 1680 ὑπῆρ-

438 1715 560 1775 χον
594 1705 802 1778 τρεῖς,
839 1696 1082 1769 οἵτινες
1118 1692 1233 1759 καὶ
1270 1690 1441 1779 πρὸς
1478 1689 1814 1777 ἀλλήλους
1855 1690 2040 1777 εἶχον
2081 1712 2381 1783 συντρο-

366 1818 413 1857 15
440 1799 628 1878 φίαν.
684 1794 800 1861 καὶ
835 1790 1149 1878 ἀπῆλθον
1177 1799 1274 1871 εἰς
1302 1791 1533 1880 χώραν
1557 1792 1706 1860 τινὰ
1742 1792 1852 1860 διὰ
1882 1804 2383 1881 πραγματείαν.

439 1898 558 1980 τῆς
595 1891 987 1979 ὁδοιπορίας
1024 1884 1152 1961 οὖν
1187 1893 1547 1983 ἀρξάμενοι
1580 1896 1925 1979 κατῆλθον
1961 1901 2060 1973 εἰς
2094 1906 2389 1984 χωρίον,

441 1991 607 2065 ὥστε
647 1998 722 2065 ἐν
758 1993 944 2085 αὐτῷ
981 2010 1230 2083 μεῖναι,
1257 1992 1575 2084 εὑρόντες
1603 2002 1831 2065 οἰκίαν
1859 2001 2145 2084 γραΐδος
2171 1998 2382 2078 τινός.

436 2096 601 2182 μετά
642 2096 719 2165 δε
754 2098 830 2164 τὸ
867 2096 1398 2167 ἀναπαύσασθαι
1433 2097 1725 2183 αὐτούς,
1764 2098 1993 2178 ἔδοξεν
2040 2098 2385 2169 ἀπελθεῖν

439 2205 534 2276 εἰς
569 2206 934 2285 βαλανεῖον
969 2201 1083 2267 καὶ
1121 2202 1488 2287 λουθῆναι·
1526 2200 1642 2267 καὶ
1679 2201 1955 2285 λέγουσι
1986 2202 2070 2286 τῇ
2109 2205 2380 2287 γραΐδι·

361 2326 411 2365 20
442 2300 850 2390 ,,ετοι’μασον
911 2299 1115 2387 ἡμῖν,
1170 2302 1221 2368 ὠ
1263 2301 1549 2435 γύναι,ί
1587 2300 1671 2368 τὰ
1733 2299 1903 2389 πρὸς
1963 2301 2039 2368 τὸ
2066 2302 2387 2426 ωλοετρὸν

437 2400 748 2488 χρειωδη,
776 2402 982 2489 σκεύη
1009 2428 1081 2469 τε
1106 2403 1285 2470 καὶ
1254 2400 1549 2490 ιμάτια.“
1606 2402 1825 2489 μόνον
1863 2401 1941 2470 δὲ
1973 2406 2097 2471 τοῦ
2137 2403 2382 2482 κτενὸς

572 2669 602 2716 2
639 2656 818 2732 αὐτῆς
854 2668 903 2716 V
1048 2661 1377 2730 παρατιθέν
1414 2666 1587 2717 ARV:
1633 2668 1770 2742 quod
1802 2670 2018 2717 correxi
2165 2670 2196 2718 3
2232 2664 2383 2750 πρδς

437 2727 684 2800 τροφὴν]
723 2731 1049 2817 προσετέθη
1085 2750 1184 2799 μοι
1221 2731 1322 2785 καὶ
1359 2736 1414 2784 Μ
1519 2738 1551 2785 5
1587 2684 1860 2800 ἐννόησεν
1896 2733 1944 2782 V
2057 2736 2090 2785 8
2125 2732 2217 2799 με]
2257 2738 2382 2801 quia

434 2804 780 2866 κατηγορεῖν
815 2804 914 2851 iam
949 2802 1072 2851 nihil
1093 2804 1236 2851 aliud
1267 2810 1348 2851 εει
1381 2803 1481 2851 πίει·
1511 2798 1871 2867 μέμφεσθαι,
1909 2803 2048 2866 quod
2082 2802 2296 2853 exhibet
2319 2804 2378 2853 Μ

571 2872 603 2919 9
639 2860 927 2934 τοσαύτην
962 2885 1073 2933 eyn,
1112 2871 1188 2919 1)·
1226 2863 1506 2949 τοιαύτην
1539 2868 1743 2918 ABVM
1928 2871 1991 2917 12
2027 2873 2203 2920 lemma
2238 2856 2376 2936 περὶ

436 2935 538 2987 τοῦ
582 2935 934 2995 πενταετοῦς
977 2932 1191 2996 παιδός
1332 2938 1506 3001 potius
1549 2932 1896 2995 πενταέτους
1942 2937 2013 2998 cf.
2062 2939 2156 3000 92,
2202 2940 2235 2989 6

435 2996 708 3069 ακουσον]
747 3007 1147 3055 coniunctionem
1178 3007 1401 3084 aliquam
1436 3006 1692 3055 excidisse
1727 3012 1782 3054 ut
1817 3011 2007 3055 eertum
2043 3012 2146 3067 εει,
2182 3008 2260 3055 ita
2296 3013 2379 3056 est

433 3076 676 3189 &Incertum
701 3079 864 3121 utrum
883 3063 1013 3122 ἀλλ’
1033 3089 1099 3122 an
1121 3066 1189 3121 δέ
1210 3088 1276 3120 an
1302 3057 1407 3122 οὖν
1432 3087 1499 3120 an
1524 3069 1629 3122 νῦν
1654 3088 1722 3121 an
1746 3070 1967 3134 τοίνυν,
1994 3074 2133 3136 quod
2152 3073 2376 3154 praebet

443 3130 754 3204 Μ(λοιπὸν
779 3139 877 3216 D),
895 3140 1088 3202 fuerit·
1115 3140 1314 3188 interim
1340 3140 1508 3188 adaeeci
1530 3133 1596 3189 δε
1619 3142 1684 3190 cl.
1712 3141 1808 3188 124
1834 3141 1895 3189 Β.
1918 3147 2057 3189 extr.
2182 3143 2245 3189 16
2270 3134 2375 3203 «ἰρ-

438 3198 697 3272 ξάμενοι]
738 3177 1000 3287 ἐχόμενοι
1037 3207 1092 3254 Μ
1200 3207 1260 3254 17
1300 3196 1462 3270 ωστε]
1502 3207 1571 3269 cf.
1613 3208 1688 3270 18,
1730 3209 1793 3256 16
1898 3200 1959 3256 ἐν
1998 3198 2156 3277 αὐτῷ
2191 3224 2288 3259 om.
2323 3210 2374 3258 A

571 3278 638 3325 20
675 3271 930 3341 λοετρόν]
966 3276 1165 3350 formae
1202 3275 1398 3323 ionicae
1434 3275 1486 3322 in
1519 3289 1796 3324 sermonem
1812 3278 2077 3355 uolgarem
2107 3292 2208 3326 non
2239 3292 2373 3325 raro

434 3346 757 3393 iamim-entur
868 3346 932 3391 21
969 3334 1147 3419 μόνον
1185 3342 1228 3391 Β
1352 3329 1490 3406 ηδὲ
1526 3335 1718 3390 πάντα
1755 3330 1957 3401 αὐτοῖς
2035 3334 2372 3419 τοιμάσατο,

434 3402 616 3474 μόνου
636 3407 737 3461 τοῦ
757 3402 957 3467 κτενὸς
976 3398 1035 3458 δ’
1060 3357 1387 3459 ἐπελάθετο
1402 3409 1476 3458 Μ.
1505 3399 1825 3459 ἐπελάθετο
1846 3408 1950 3458 ΑΜ
1892 3334 2373 3463 ΜΊΞπελάθοντά

435 3478 530 3527 BV
549 3481 610 3526 cl.
633 3479 706 3531 D:
733 3479 872 3542 quod
893 3478 1200 3526 seruandum
1217 3482 1334 3525 erat
1354 3492 1458 3524 cum
1480 3477 1602 3540 quid
1617 3479 1785 3525 uetula
1810 3478 1999 3539 feeerit
2027 3494 2128 3527 non
2156 3481 2370 3528 relatum

432 3548 533 3596 sit.
564 3547 660 3594 sed
692 3561 763 3595 ex
797 3545 1040 3595 communi
1072 3546 1222 3595 codd.
1259 3544 1308 3593 A
1343 3550 1394 3592 et
1429 3542 1484 3592 M
1523 3546 1770 3593 testimon
1772 3560 1801 3594 ο
1839 3547 1952 3594 ueni
1983 3547 2278 3595 simillimum
2305 3546 2371 3607 fit
