2563 4087
422 256 508 322 80
1313 256 1467 311 vm.

427 398 547 468 λείι
597 399 713 468 καὶ
763 396 1083 485 συνήθως
1131 397 1644 487 προσκυνήσας,
1712 399 1963 486 ,,ζῆθι,
2008 398 2364 486 βασιλεῦ,“
2469 402 2476 411 “

430 504 586 589 ἔφη,
626 507 770 590 ,,ει’ς
805 501 928 569 τὸν
963 502 1185 568 αἰῶνα
1219 497 1385 587 μετὰ
1420 501 1544 567 τοῦ
1580 498 1902 585 διαδόχου
1941 519 2086 569 σου.
2151 504 2367 589 χαρᾶς

433 601 623 691 ,,ῆ’κω
671 600 1030 688 εὐαγγέλια
1081 608 1370 690 κομίζων
1418 619 1521 669 σοι
1570 600 1890 689 σήμερον·
1947 600 1984 669 ὁ
2032 597 2168 690 γαρ
2213 602 2369 683 υἱός

431 724 640 792 ,,σου,
701 706 840 771 τῶν
887 699 1069 791 (τῆς)
1118 705 1371 791 σιωπῆς
1418 705 1687 789 δεσμῶν
1734 709 2008 789 λυθείς,
2077 701 2234 792 ἄρτι
2281 703 2371 784 ὥς

380 834 406 874 5
434 804 716 895 ,,ἆηδών
751 812 986 874 λαλεῖν
1020 802 1265 894 ἤρξατο
1291 802 1460 891 κάμὲ
1487 803 1658 892 πρὸς
1690 805 1768 872 τό
1797 804 1925 872 σόν
1952 804 2198 892 κράτος
2227 805 2364 874 διέ-

434 919 702 994 „news
736 908 950 975 ταῦτα
986 905 1464 993 διασαφῆσαι.“
1536 904 1573 973 ὁ
1623 904 1701 974 δὲ
1744 906 2059 995 βασιλεὺς
2103 907 2371 976 τούτων
2469 980 2478 989 ,

434 1007 733 1089 ἀκούσας
780 1011 919 1077 τῶν
967 1008 1231 1096 λόγων,
1279 1010 1491 1097 χαρᾶς
1538 1005 1826 1096 ἀπείρου
1874 1009 2206 1097 πλησθεὶς
2254 1010 2370 1078 καὶ
2468 1000 2480 1011 “

437 1106 662 1200 ὥσπερ
698 1107 901 1191 ἄλλος
931 1111 999 1191 ἐξ
1036 1108 1248 1179 ἄλλου
1285 1107 1412 1197 ὑφ’
1445 1106 1693 1197 ἡδονῆς
1720 1109 2107 1198 γενόμενος,
2135 1113 2374 1198 πρῶτα
2468 1100 2480 1113 ’

433 1211 560 1301 μὲν
596 1212 838 1302 διόροις
878 1210 1269 1292 ἐδεξιωσατο
1303 1211 1426 1279 τὸν
1461 1210 1877 1299 φιλόσοφον,
1914 1209 2061 1280 εἶτα
2093 1213 2213 1281 καὶ
2253 1217 2364 1281 δο-

359 1344 409 1383 ιο
436 1313 786 1404 ρυφόρους
824 1321 1088 1393 στείλας
1123 1320 1544 1400 μετεκαλεῖτο
1578 1311 1700 1381 τὸν
1741 1317 1969 1382 παῖδα.
2027 1311 2064 1380 o‘
2105 1311 2185 1382 δὲ
2215 1328 2374 1394 παῖς

236 1393 416 1443 ¹'''¹⁰¹B
438 1416 982 1505 παραγενόμενος
1016 1418 1112 1507 τῷ
1151 1415 1357 1503 πατρὶ
1393 1413 1916 1504 προσεκύνησεν.
1983 1412 2020 1482 ὁ
2060 1413 2138 1485 δὲ
2173 1422 2372 1504 βασι-

438 1517 599 1597 λεὺς
635 1517 749 1586 καὶ
778 1515 997 1604 πατὴρ
1023 1518 1148 1584 τοῦ
1175 1516 1440 1605 θρόνου
1467 1513 1761 1596 αναστας
1787 1513 1924 1585 ὑπὸ
1956 1525 2374 1606 περιχαρίας,

438 1622 533 1710 τῷ
571 1621 705 1708 υἱῷ
734 1617 1098 1707 χαριέντως
1124 1616 1645 1707 προσυπήντησε
1673 1618 1789 1686 καὶ
1815 1620 2063 1685 τοῦτον
2086 1608 2381 1704 ἅγκαλιέ

440 1719 729 1807 σάμενος
766 1718 1212 1789 ποθεινότατα
1260 1717 1605 1805 ἠσπάζετο.
1678 1718 1715 1786 ὁ
1766 1717 1843 1788 δὲ
1888 1733 2050 1799 παῖς
2095 1717 2378 1803 ἀνοίξας
2469 1768 2478 1777 -

365 1850 415 1891 15
439 1821 516 1891 τὸ
546 1818 757 1908 στόμα
784 1829 1041 1911 χαίρειν
1067 1825 1163 1912 τῷ
1192 1826 1404 1910 πατρί
1414 1847 1485 1889 τε
1512 1822 1625 1888 καὶ
1652 1827 1916 1909 βασιλεῖ
1938 1824 2374 1910 προσεφθέγ-

439 1926 614 2005 ξατο.
679 1922 739 1991 o‘·
761 1922 836 1992 δὲ
864 1923 1086 2012 πατὴρ
1120 1925 1241 2009 τῆς
1268 1922 1486 2009 χειρὸς
1513 1921 1887 2010 κρατήσας,
1926 1924 2379 2011 συνεδριάζειν
2469 1978 2478 1987 .

439 2024 629 2118 αύτῷ
668 2026 780 2095 ἐπὶ
826 2029 947 2114 τῆς
993 2028 1340 2114 βασιλικῆς
1392 2025 1734 2114 καθέδρας
1785 2024 2155 2094 ἐκέλευσεν.
2233 2025 2379 2096 εἶτά

440 2148 604 2217 φησι
637 2125 810 2216 πρὸς
858 2126 982 2196 τὸν
1029 2135 1359 2215 φίλτατον
1407 2126 1601 2196 υἱόν·
1659 2134 1812 2215 ,,τίς
1863 2126 2283 2217 ἐτύγχανεν,
2329 2120 2381 2197 ὦ
2469 2167 2476 2176 -

440 2234 717 2299 παιδίον
738 2228 1257 2318 ἐρασμιώτατον,
1277 2227 1320 2315 ἡ
1340 2236 1527 2298 αἰτία
1546 2231 1664 2316 τῆς
1693 2228 2024 2317 τοσαύτης
2054 2234 2182 2299 σοῦ
2216 2250 2379 2300 σιω-
2469 2251 2476 2262 ·

365 2357 417 2397 20
442 2335 575 2417 πῆς
611 2331 725 2399 καὶ
761 2329 1071 2418 ἄφωνίας
1111 2332 1224 2399 ἐπὶ
1258 2346 1409 2411 ταῖς
1447 2330 1949 2419 παρελθούσαις
2003 2330 2169 2400 ἑπτα
2207 2331 2382 2420 ἡμέ-

443 2460 624 2523 ραις;
661 2434 776 2501 καὶ
812 2431 922 2502 διὰ
958 2439 1032 2501 τί
1062 2430 1218 2501 οὐδ’
1252 2429 1425 2512 ὅλως
1464 2435 1539 2501 ἐν
1576 2430 1818 2512 αὐταῖς
1845 2458 1957 2520 μοι
1984 2433 2385 2522 λελάληκας,

443 2532 535 2615 ὥς
575 2536 690 2604 καὶ
729 2533 844 2621 ἐμὲ
879 2533 1019 2604 ύπὸ
1052 2538 1192 2603 τῶν
1236 2538 1357 2620 τῆς
1391 2534 1711 2621 γυναικὸς
1746 2534 2065 2624 ῥημάτων
2101 2535 2219 2603 διὰ
2259 2536 2386 2623 τὴν

443 2637 703 2724 σιωπὴν
738 2636 1144 2725 ύπαχθῆναί
1176 2656 1250 2705 σε
1286 2634 1554 2706 ἀνελεῖν
1572 2633 1639 2719 ;“
1706 2633 1745 2704 ὃ
1795 2635 1873 2705 δὲ
1906 2637 2061 2716 νεός
2111 2641 2209 2728 τῷ
2248 2646 2380 2728 βα-
2468 2627 2480 2642 ’

444 2747 615 2808 σιλεῖ
657 2740 771 2808 καὶ
823 2741 1028 2829 πατρὶ
1075 2738 1521 2827 ἀπεκρίνατο·
1578 2735 1673 2824 ,,ὁ
1720 2738 1918 2825 θεός,
1968 2728 2021 2805 ὦ
2069 2744 2381 2828 βασιλεῦ,

367 2866 418 2906 25
444 2836 624 2918 ὅστις
664 2841 802 2908 ἐστὶ
838 2840 1093 2929 βοηθὸς
1142 2839 1246 2909 ἀεὶ
1294 2842 1390 2932 τῷ
1440 2838 1858 2931 ἀνθρωπίνῳ
1909 2843 2129 2929 γένει,
2181 2831 2387 2921 οὗτός

443 2968 525 3030 με
548 2944 667 3027 τῆς
695 2938 940 3010 ἀδίκου
971 2947 1235 3029 σφαγῆς
1263 2941 1684 3030 διεφύλαξεν.
1730 2939 1832 3009 ὅτι
1858 2939 1936 3009 δὲ
1963 2940 2092 3011 οὐκ
2122 2945 2387 3030 ἐφθεγ-
2469 2947 2482 2964 “

442 3106 609 3154 nullos
643 3108 777 3154 uelut
813 3105 1058 3156 Ioannem
1096 3106 1383 3156 cinnamum
1418 3121 1488 3156 ex
1521 3108 1726 3184 reyula
1732 3104 1848 3168 sere
1883 3114 2030 3156 caret
2064 3109 2286 3158 articulo

446 3175 476 3222 3
512 3178 567 3220 ut
601 3174 653 3220 in
687 3172 752 3222 N.
780 3173 842 3225 T.
947 3165 1194 3254 σήμερον
1229 3189 1338 3253 γαρ
1365 3163 1394 3224 ὃ
1429 3174 1487 3223 Μ
1589 3177 1623 3224 4
1657 3171 1790 3252 τῇς
1792 3174 1985 3236 adieci,
2019 3180 2075 3223 ut
2110 3182 2189 3225 est
2221 3177 2278 3225 ιἰι
2314 3175 2387 3226 Μ.

445 3256 494 3290 ιι.
519 3240 570 3289 D
683 3241 715 3289 6
753 3237 955 3306 ταῦτα]
994 3234 1218 3292 πάνταῗ
1256 3258 1328 3292 τα
1364 3238 1494 3307 περὶ
1531 3231 1713 3292 αὐτοῦ
1750 3256 1983 3292 απαντα
2019 3241 2079 3291 Μ
2193 3244 2258 3293 10
2294 3258 2388 3309 με·

447 3307 791 3385 τάκαλεῑται
825 3310 873 3359 A
997 3313 1058 3359 12
1094 3308 1502 3388 περιχαρείαςῖ
1643 3310 1707 3360 13
1740 3299 2166 3385 προσυπήντισε
2203 3310 2253 3360 V

445 3366 929 3455 αγκαλισοῖμενος]
959 3368 1480 3458 ἐναγκαλισάμενος
1516 3379 1598 3440 79,
1625 3379 1656 3428 9
1774 3379 1837 3427 16
1874 3373 2082 3428 τοῦτον
2105 3385 2228 3428 ante
2253 3394 2388 3443 κρα·

446 3436 622 3509 τήσας
657 3445 805 3495 addit
828 3446 902 3507 M,
938 3437 1040 3497 τὸν
1063 3448 1111 3496 D
1228 3449 1291 3497 19
1328 3438 1362 3512 ἡ
1390 3447 1576 3509 adieci,
1613 3452 1664 3495 et
1700 3451 1777 3496 est
1811 3448 1864 3495 in
1898 3445 2007 3495 MD
2123 3448 2185 3496 21
2227 3444 2389 3496 διατι

445 3511 492 3559 V
647 3514 712 3563 25
750 3508 1049 3578 βοηθὸς..
1089 3507 1268 3592 γένει]
1309 3529 1488 3564 uersus
1524 3513 1946 3599 dodecasyllabus
1975 3516 2216 3578 politicus

449 3568 801 3646 ανθρωπείω
835 3582 893 3630 Μ
1040 3583 1104 3631 26
1140 3572 1348 3633 αδίκου
1385 3598 1478 3633 om.
1514 3582 1596 3645 M,
1635 3598 1682 3632 τ.
1718 3577 1773 3636 α’.
1811 3596 1860 3635 σ.
1898 3597 1993 3634 om.
2029 3583 2079 3632 D
