2563 4087
2032 231 2149 296 151

196 400 378 443 τατα
412 368 787 459 ἠσπάσατο.
845 369 880 440 ὁ
911 372 987 441 δὲ
1014 386 1175 451 παῖς
1201 366 1480 454 άνοίξας
1507 372 1585 441 τό
1614 372 1857 461 στόμα,
1892 382 2154 461 χαίρειν

199 476 764 565 προσφθέγγεται
796 476 892 566 τῷ
930 480 1207 561 βασιλεῖ.
1274 472 1312 543 ὁ
1350 473 1427 543 δὲ
1479 477 1596 560 τῆς
1642 474 1861 562 χειρὸς
1908 478 2155 544 τοῦτον

199 577 550 666 κρατήσας
586 573 1039 663 συνεδριάζειν
1074 573 1260 666 αὐτῷ
1311 578 1422 644 ἐπὶ
1471 577 1589 661 τῆς
1636 580 1981 663 βασιλικῆς
2027 603 2154 645 κα-

197 679 470 764 θέδρας
492 678 862 747 ἐκέλευσεν.
904 675 1052 745 εἶτά
1075 697 1238 764 φησι
1263 676 1437 765 πρὸς
1461 677 1586 747 τὸν
1611 685 1941 764 φίλτατον
1960 679 2121 747 υἱόν
2137 696 2153 711 ·

196 779 345 860 ι’τίς
382 777 514 868 ἄρα
549 777 592 865 ἡ
630 786 817 848 αἰτία
856 779 1253 865 ἐτύγχανεν,
1291 768 1344 846 ὦ
1375 779 1617 847 τέκνον
1644 780 2154 867 ποθεινότατον,
2180 808 2206 845 5

200 885 329 967 τῆς
377 881 489 948 ἐπὶ
537 895 688 960 ταῖς
740 880 1243 967 προλαβούσαις
1297 880 1461 948 ἑπτα
1509 878 1791 969 ἡμέραις
1824 882 2157 970 τοσαύτης

208 1005 345 1052 σου
384 986 640 1069 σιωπῆς
676 983 790 1050 καὶ
825 980 1163 1067 άφωνίας,
1199 983 1315 1049 καὶ
1352 978 1514 1051 ὅτου
1551 982 1748 1071 χάριν
1784 977 1942 1052 οὐδ’
1983 981 2157 1063 ὅλως

203 1110 325 1171 μοι
362 1086 438 1152 έν
475 1081 721 1162 αὐταῖς
757 1082 1151 1171 λελάληκας,
1191 1081 1297 1162 ὦς’
1320 1081 1493 1171 κάμὲ
1528 1083 1640 1152 διὰ
1666 1086 1784 1171 τῆς
1812 1088 1933 1170 σῆς
1962 1089 2156 1170 σιγῆς

205 1184 356 1255 ύπὸ
404 1187 545 1253 τῶν
593 1188 710 1270 τῆς
756 1184 1080 1271 γυναικὸς
1129 1182 1448 1272 ῥημάτων
1491 1185 1662 1275 πρὸς
1698 1182 1992 1273 ὄλεθρόν
2029 1206 2155 1254 σου

206 1284 765 1375 συναρπάζεσθαι
798 1287 914 1355 καὶ
948 1288 1324 1375 πειρᾶσθαί
1354 1308 1429 1356 σε
1463 1285 1780 1367 άνελεῖνξ
1819 1284 1857 1354 ὁ
1895 1285 1973 1354 δὲ
2001 1289 2156 1366 νέος
2184 1315 2232 1352 ιυ

204 1415 307 1480 τω
346 1395 618 1474 βασιλεῖ
646 1389 762 1456 καὶ
800 1389 1005 1474 πατρὶ
1031 1386 1476 1477 ἀπεκρίνατο
1522 1386 1595 1456 ‘6
1624 1387 1812 1473 θεὸς,
1847 1392 2155 1475 βασιλεῦ,

207 1489 291 1570 ὅς
330 1492 515 1559 ἐστιν
549 1486 817 1577 άρωγός
851 1494 947 1580 τῷ
984 1487 1398 1581 ἀνθρωπείῳ
1433 1490 1635 1577 γε’νει,
1688 1479 1887 1568 ουτός
1922 1515 2003 1576 με
2038 1493 2155 1609 τῆς

206 1592 486 1678 σφαγῆς
522 1589 945 1677 διεφύλαξεν.
1000 1588 1101 1660 ὅτι
1136 1589 1213 1659 δε
1247 1591 1340 1679 μὴ
1380 1591 1812 1679 ἐφθεγγόμην
1847 1616 1943 1658 τω
1982 1592 2154 1679 κρά-
2180 1630 2223 1666 1>
2250 1620 2301 1658 ει

208 1719 330 1762 τει,
355 1711 488 1762 σου
538 1690 650 1778 ἐφ’
704 1689 889 1772 ὅλαις
932 1707 1080 1771 ταῖς
1115 1693 1617 1780 προλαβούσαις
1656 1692 1820 1762 ἑπτα
1855 1691 2155 1781 ημέραις,

209 1801 551 1881 γίνωσκε,
600 1784 653 1862 ὦ
706 1794 1035 1880 δέσποτα,
1086 1791 1182 1873 ὥς
1231 1792 1374 1863 ύπό
1408 1798 1533 1863 τοῦ
1572 1794 1984 1863 διδασκάλου
2021 1821 2154 1880 μου
2184 1821 2234 1860 15

213 1903 542 1966 Συντίπα
581 1896 1053 1981 ἐντεταλμένος
1110 1894 1525 1981 ἐτύγχανον,
1572 1893 1662 1982 μῆ
1708 1896 1786 1963 τὸ
1834 1895 2158 1980 παράπαν

213 1997 415 2078 ε’ντὸς
449 1998 592 2065 τῶν
631 1994 795 2066 ἑπτά
830 1994 1101 2085 ἡμερῶν
1137 1994 1345 2083 λόγον
1379 1994 1528 2065 τινὰ
1558 1995 2004 2084 φθέγξασθαι.
2059 1993 2159 2063 ὅτι

212 2099 296 2169 δὲ
331 2099 447 2167 καὶ
482 2096 525 2186 ἡ
560 2096 739 2185 γυνὴ
775 2094 950 2184 αὕτη
984 2097 1156 2188 πρὸς
1188 2096 1317 2185 τὴν
1343 2098 1617 2184 σφαγήν
1642 2123 1776 2184 μου
1806 2096 1884 2165 τὸ
1910 2097 2156 2183 κράτος

210 2221 348 2270 σου
377 2196 735 2287 παρώρμα,
764 2207 1067 2288 γνωρίζω
1086 2218 1212 2285 σοι,
1240 2201 1546 2286 βασιλεῦ,
1573 2201 1688 2267 καὶ
1708 2200 1863 2284 περὶ
1882 2199 2156 2286 ταύτης,

212 2301 314 2381 ὣς
364 2299 474 2370 ὅτε
526 2298 700 2388 πρὸς
737 2299 813 2369 σὲ
848 2301 1011 2388 μετὰ
1046 2301 1123 2369 τὸ
1160 2300 1371 2388 πέρας
1406 2303 1522 2388 τῆς
1559 2304 1996 2380 διδασκαλίας
2031 2304 2154 2368 τοῦ
2182 2329 2234 2365 20

213 2405 386 2492 ἐμοῦ
421 2404 882 2490 μυσταγωγοῦ
922 2403 1392 2490 παραγέγονα,
1441 2410 1562 2470 καί
1594 2428 1677 2489 με
1723 2400 1865 2489 μετ’
1918 2400 2163 2487 ὀλίγον

211 2508 302 2594 τῇ
340 2504 619 2591 γυναικὶ
654 2504 869 2592 ταύτῃ
905 2505 1344 2592 παρέδωκας,
1390 2502 1669 2589 κάκείνη
1704 2528 1786 2588 με
1825 2502 1994 2586 πρὸς
2031 2501 2158 2585 τῆν

213 2604 435 2695 αὐτῆς
472 2613 701 2676 οἰκίαν
750 2603 1136 2692 άπῆγαγεν,
1184 2601 1402 2683 εύθυς
1449 2603 1490 2690 ῆ
1540 2602 1717 2690 γυνὴ
1768 2601 2157 2679 ἀκολάστως

218 2715 397 2793 ἔχειν
442 2707 913 2793 τυγχάνουσα,
964 2705 1134 2794 πρὸς
1182 2712 1561 2776 συνουσίαν
1600 2705 1845 2790 ἑαυτῆς
1879 2729 1962 2791 με
1995 2701 2157 2790 ἠρέ-

215 2818 362 2892 θιζε
396 2809 511 2877 καὶ
545 2806 780 2897 ᾑρεῖτο
814 2836 895 2896 με
932 2808 1386 2895 συγγενέσθαι
1422 2803 1621 2894 αὐτῇ.
1689 2805 1820 2890 ἐγώ
1856 2803 1934 2873 δὲ
1984 2824 2157 2891 σφο-
2187 2832 2237 2870 25

216 2913 403 2999 δρῶς
442 2911 553 2980 ἐπὶ
589 2912 686 3001 τῷ
722 2908 952 3002 ἀτόπῳ
987 2914 1112 2979 τοῦ
1147 2908 1572 2999 πράγματος,
1611 2905 1704 2987 ὥς
1744 2912 1908 2992 ἔδει,
1961 2915 2161 2993 χαλε-

219 3013 443 3100 κήνας
489 3010 606 3080 καὶ
652 3010 800 3079 κατ’
851 3005 1063 3098 αύτῆς
1099 3009 1390 3090 ὀξύτατα
1424 3018 1820 3098 θυμωθείς,
1866 3007 2008 3078 ὑπὸ
2044 3013 2161 3094 τῆς

216 3113 690 3200 κατασχούσης
726 3138 808 3199 με
844 3111 993 3180 τότε
1027 3116 1151 3181 τοῦ
1186 3114 1420 3199 θυμοῦ
1460 3111 1854 3199 συγχύσεως
1891 3112 2005 3179 καὶ
2040 3136 2160 3179 τα-

217 3216 435 3305 ραχῆς
474 3212 904 3302 ἐπελαθόμην
938 3218 1058 3299 τῆς
1091 3216 1213 3283 τοῦ
1252 3211 1665 3283 διδασκάλου
1716 3214 1992 3299 ἐντολῆς
2014 3264 2031 3296 ,
2076 3209 2161 3295 ῆν

362 3414 393 3462 3
430 3403 587 3479 αὐτῷ
624 3411 668 3460 Ρ
703 3426 899 3477 quoque
1022 3412 1083 3460 12
1121 3400 1375 3474 άρρωγός
1496 3398 1848 3476 ἀνθρωπίνῳ
1885 3406 1930 3455 Ρ
2057 3403 2158 3465 τῆς

217 3470 439 3530 ἀδίκου
474 3464 704 3560 σφαγῆς
732 3479 776 3529 Ρ
811 3486 865 3528 ut
893 3475 1009 3541 153,
1040 3480 1104 3529 15
1215 3478 1278 3527 16
1315 3468 1728 3556 ἐντεταλμένον
1764 3460 1902 3535 cdd„
1939 3486 2159 3550 παρηγ-

218 3541 499 3615 γελμένος
541 3538 696 3612 ἤμην
732 3546 776 3596 Ρ
918 3548 981 3596 19
993 3514 1255 3610 ταύτης]
1298 3537 1504 3595 τούτου
1538 3544 1582 3593 Ρ
1730 3544 1782 3591 in
1818 3540 2044 3603 maryine
2082 3532 2159 3603 ιη’

0 3993 518 4052 μὼμ
541 4049 544 4052 ,
595 4051 606 4052 ff
