2563 4087
416 233 545 298 254
1234 234 1482 299 Aesopus
1515 233 1544 284 1

421 392 536 461 καὶ
574 390 611 460 6
648 391 951 471 Ξάνθος·
991 387 1290 479 ,,όκτω’“.
1345 392 1461 458 καὶ
1499 388 1536 457 6
1567 400 1920 470 Αἴσωπος·
1962 391 2189 477 ,,είσὶν
2230 381 2378 457 οὖν

424 494 713 562 ἐνταυθὶ
773 495 992 577 πέντε,
1053 493 1167 560 καὶ
1229 485 1265 560 6
1317 491 1743 581 σιτευόμενος
1800 506 2029 581 χοῖρος
2089 492 2375 578 νέμεται

420 593 604 662 κάτω
650 594 1003 682 τρίπους“.
1065 595 1180 662 καὶ
1231 591 1267 661 6
1317 591 1590 673 Ξάνθος
1641 592 1825 662 πάνυ
1875 593 2137 682 βαρέως
2175 591 2378 679 σχὼν

395 694 592 782 ’πρὸς
638 693 798 774 τούς
836 701 1083 777 φίλους
1120 701 1363 782 φησίν·
1421 689 1627 783 ,,οὐχὶ
1664 698 1879 785 μικρῷ
1917 693 2222 781 πρόσθεν
2258 691 2372 762 εἷ-

366 823 393 863 5
421 821 578 880 πον,
628 793 716 876 ὥς
752 795 1028 881 τάχιστά
1062 823 1144 883 με
1179 794 1350 886 πρὸς
1384 804 1641 883 μανίαν
1675 785 1876 874 οὗτος
1922 795 2006 881 δὴ
2044 797 2372 883 περιτρέ-

420 896 601 978 ψει“;
650 899 766 966 καὶ
795 895 830 966 6
861 907 1210 977 Αἴσωπος·
1253 898 1621 984 ,,δέσποτα,
1657 894 1786 966 οὐκ
1814 895 2006 965 ὀἷσθ’
2048 893 2151 964 ὅτι
2174 895 2257 964 τὸ
2292 897 2372 964 ἐκ

216 1024 383 1077 psat).
422 999 852 1087 προσθέσεως
912 1024 984 1066 τε
1031 1000 1146 1066 καὶ
1195 995 1614 1088 ἀφαιρέσεως
1662 1005 1761 1078 εἰς
1806 997 1883 1065 τὸ
1934 997 2101 1065 κατὰ
2150 996 2373 1083 λόγον

422 1100 637 1168 ποσὸν
700 1100 1439 1188 συγκεφαλαιούμενον,
1500 1098 1628 1168 οὐκ
1691 1105 1873 1168 ἔστιν
1919 1096 2372 1187 ἁμάρτημαιίς

421 1198 457 1268 6
511 1200 637 1288 μὲν
696 1192 825 1269 οὖν
885 1200 1156 1280 Ξάνθος
1214 1205 1551 1287 μηδεμίαν
1611 1199 2062 1289 εὐπρόσωπον
2123 1207 2373 1270 αἰτίαν

345 1326 395 1366 ιο
422 1301 724 1390 εὑρηκώς
758 1304 1170 1390 μαστιγῶσαι
1204 1301 1327 1369 τὸν
1363 1311 1719 1389 Αἴσωπον,
1754 1299 2073 1389 ἡσύχασε.

239 1413 347 1464 XII
571 1404 666 1492 Τῇ
703 1400 765 1472 δ’
820 1400 1148 1493 ὑστεραίᾳ
1183 1407 1325 1471 τῶν
1372 1407 1825 1489 σχολαστικῶν
1860 1430 1958 1483 τις
1993 1401 2374 1483 πολυτελὲς

421 1502 820 1590 εὐτρεπίσας
849 1510 1155 1593 δεῖπνον,
1182 1504 1318 1573 σύν
1344 1501 1572 1586 ἄλλοις
1600 1512 2061 1591 σχολαστικοῖς
2087 1504 2203 1572 καὶ
2231 1504 2370 1572 τὸν
2454 1574 2461 1577 ,

420 1603 699 1684 Ξάνθον
747 1607 1085 1693 κέκληκεν.
1158 1604 1651 1695 εὐωχουμένων
1691 1614 1958 1694 τοίνυν,
2006 1603 2043 1673 6
2077 1604 2372 1686 Ξάνθος

418 1709 698 1793 μερίδας
730 1708 803 1774 ἐκ
828 1708 967 1774 τῶν
995 1707 1508 1795 παρακειμένων
1528 1706 1933 1795 ἀνελόμενος
1963 1708 2373 1786 ἐπιλέκτους

344 1829 393 1869 15
421 1807 534 1874 καὶ
579 1809 673 1897 τῷ
710 1807 1016 1899 Αἰσώπῳ
1064 1805 1348 1877 ὄπισθεν
1387 1810 1707 1896 ε’φεστῶτι
1742 1808 1934 1898 δούς,
1986 1811 2117 1897 ,,τῇ
2150 1806 2366 1877 εὐνο-

421 1908 594 1997 ούσῃ
631 1906 788 1995 μοι“
840 1911 1006 1997 φησὶ
1058 1910 1227 1998 πρὸς
1278 1908 1496 1978 αὐτόν
1544 1912 1810 1999 ,,ταῦτα
1860 1913 2092 1990 ἐπίδος
2141 1909 2365 1977 ἀπελ-

419 2008 640 2080 θώνζί.
698 2006 731 2079 ὃ
770 2009 837 2081 δ’
876 2009 1095 2081 ἀπιὼν
1120 2010 1269 2082 καθ’
1306 2012 1551 2082 ἑαυτὸν
1589 2011 1874 2082 ἐνενόει·
1915 2013 2097 2100 ,,νῦν
2124 2010 2370 2101 καιρὸς

420 2120 749 2183 τίσασθαί
768 2140 903 2202 μου
929 2113 1054 2202 τὴν
1081 2115 1477 2201 δέσποιναν,
1513 2113 1664 2184 ἄνθ’
1698 2106 1797 2182 οἷν
1832 2141 1914 2201 με
1950 2113 2153 2202 ἡνίκα
2180 2114 2367 2182 νει-ό-

420 2240 618 2301 νητος
664 2205 879 2300 ἦλθον
932 2221 1287 2285 ἔσκωπτεν.
1363 2215 1595 2298 ὄψεται
1645 2224 1887 2285 τοίνυν
1932 2223 2036 2295 τίς
2081 2218 2177 2306 τῷ
2244 2220 2368 2284 δε-

556 2379 589 2427 2
633 2369 880 2428 ἐνταυθὶ
923 2378 997 2427 V:
1045 2371 1334 2432 ἐνταυθοῖ
1374 2384 1536 2431 ceteri
1706 2371 1736 2430 6
1775 2377 1907 2444 σιτ]
1948 2369 1978 2430 6
2018 2396 2110 2430 om.
2146 2379 2186 2427 Z

422 2449 452 2496 3
489 2461 643 2496 κατω
676 2461 769 2496 οηι.
808 2445 873 2508 Ζ·
910 2439 1063 2496 κοῖτω
1100 2445 1336 2512 νέμεται
1373 2448 1419 2510 Q
1583 2442 1834 2516 βραχέως
1870 2447 1919 2497 V
2072 2449 2106 2496 4
2144 2443 2288 2511 φησὶ
2326 2447 2366 2496 b

539 2556 783 2644 μικρὸν
813 2564 865 2614 Κ
1002 2568 1033 2616 5
1068 2580 1166 2629 μοι
1202 2566 1274 2629 D,
1314 2581 1339 2616 ε
1375 2568 1500 2619 add.
1536 2566 1586 2616 D
1612 2568 1642 2616 2
1681 2582 1750 2646 με
1790 2559 1862 2647 δὴ
1899 2564 1947 2614 Α
1981 2562 2129 2629 μεδῆ
2170 2565 2212 2613 Ρ

419 2635 451 2684 5
498 2619 665 2691 οὗτος
712 2625 817 2699 δή]
879 2624 954 2711 δὴ
1002 2649 1096 2685 om.
1145 2633 1218 2694 Φ;
1267 2630 1601 2699 περιτρέψει
1646 2630 1721 2697 δὴ
1768 2621 1936 2692 οὗτος
1981 2633 2027 2694 Q
2193 2647 2363 2694 περι-

419 2697 675 2766 τρέψηΕ
788 2704 819 2752 6
855 2717 961 2751 ουκ
996 2717 1088 2755 om.
1121 2716 1159 2749 a
1198 2704 1271 2764 (in
1295 2704 1542 2766 exemplis
1565 2703 1860 2767 quibusdam
1884 2703 2109 2751 additum
2146 2703 2245 2761 est)

423 2772 452 2819 7
488 2760 816 2845 προθέσετός
851 2769 899 2818 R
923 2768 969 2817 E
997 2769 1079 2832 H,
1122 2768 1175 2817 D
1209 2776 1393 2845 postea
1433 2776 1695 2820 correctus
1729 2787 1796 2819 m.
1820 2786 1902 2834 pr.
2076 2783 2137 2818 τε
2172 2784 2272 2820 οιιι.
2312 2769 2365 2818 Φ

555 2827 883 2900 καταλόγου
917 2837 965 2885 R
999 2852 1147 2886 κατα
1170 2830 1371 2917 ,λόγων
1406 2838 1450 2887 Ρ
1608 2839 1639 2888 8
1674 2837 1865 2887 ποσῶν
1902 2836 1946 2885 Ρ
2102 2838 2135 2885 9
2171 2831 2252 2900 μὴ
2294 2831 2365 2885 δὲ

421 2919 564 2967 μιαν
600 2902 672 2967 D,
712 2902 757 2965 Q
804 2906 998 2955 extrito
1043 2906 1132 2970 qui
1162 2907 1214 2954 in
1264 2923 1297 2969 η
1334 2912 1449 2955 erat
1493 2912 1705 2955 accentu
1746 2898 1924 2971 μηδὲ)
1970 2851 2272 2969 μήδεμίαν
2307 2902 2369 2953 H

537 3016 736 3071 αἰτίαν
775 3012 1143 3101 ευπρόσωπον
1180 3022 1227 3072 Φ
1252 3023 1298 3071 F
1321 3024 1363 3072 Z
1387 3023 1438 3072 K
1461 3038 1497 3071 v
1628 3026 1686 3072 ll
1726 2987 1969 3088 ὑστεροέῖι
2004 3022 2056 3072 Κ
2182 3021 2367 3072 πολυ-

421 3088 615 3147 τελαῖς
651 3090 694 3139 Ρ
805 3091 863 3137 12
903 3081 1252 3152 εὐπρεπίσας
1290 3091 1338 3141 R
1375 3082 1728 3157 εὖτρεπήσας
1763 3090 1809 3138 Ε
1921 3090 2296 3155 σχολαστικοῖ
2329 3105 2367 3139 a

561 3159 621 3206 13
660 3151 898 3234 κέκληκε
935 3158 986 3205 Μ
1027 3155 1302 3223 κέκλησεν
1339 3159 1379 3207 Ζ
1526 3150 1953 3223 ἕνοχουμένων
1967 3160 2010 3208 Ρ
2162 3159 2225 3207 15
2267 3152 2367 3206 αἰ-

421 3221 595 3286 σῶπο,
636 3225 679 3273 Ρ
815 3215 1065 3276 ὄπισθεν
1101 3219 1376 3289 ἔφεστῶτι
1412 3228 1465 3276 in
1498 3243 1687 3277 rasura
1722 3226 1763 3274 Z
1798 3242 1865 3275 m.
1893 3242 1970 3290 pr.
2108 3215 2364 3306 ευνούση

420 3290 482 3354 Ζ,
527 3307 666 3342 corr.
714 3294 752 3341 Z
789 3297 836 3343 2.
904 3295 1042 3342 nolui
1084 3300 1248 3343 autem
1294 3297 1344 3344 in
1390 3297 1482 3343 tali
1524 3296 1782 3358 scriptore
1826 3297 2091 3358 seiungere
2138 3281 2204 3344 εὖ
2252 3308 2368 3342 cum

421 3375 590 3410 omne-s*
615 3361 794 3426 ubique
829 3333 948 3409 'libri
982 3363 1031 3409 in
1052 3362 1269 3423 formam
1305 3351 1532 3412 εὐνοεῖν
1569 3364 1868 3441 conspirent
1971 3363 2033 3411 16
2059 3357 2251 3440 φησὶν
2288 3360 2364 3423 Β,

327 3481 340 3490 .
423 3427 602 3493 φησὶν
627 3437 744 3493 post
767 3447 812 3479 u.
844 3427 1026 3478 ταῦτα
1052 3433 1344 3479 conlocatur
1371 3434 1423 3479 in
1447 3430 1495 3480 Φ
1600 3420 1786 3494 αυτὴν
1811 3429 1862 3478 Κ
1974 3418 2131 3479 ταῦτ’
2158 3428 2203 3489 Q
2230 3426 2285 3475 D
2314 3431 2367 3480 R

595 3488 805 3553 ἐπίδως
842 3498 908 3559 Ε,
948 3499 997 3545 in
1033 3496 1088 3572 ῌ
1131 3512 1191 3555 ος
1223 3498 1416 3559 factum
1451 3514 1522 3547 ex
1558 3514 1632 3555 ως
1805 3498 1866 3547 17
1914 3487 2099 3547 ἐννόει
2134 3494 2185 3543 D

426 3564 488 3612 18
523 3579 592 3627 με
628 3580 726 3614 om.
765 3564 811 3614 Φ
951 3580 1238 3630 νεωνητον
1271 3564 1320 3613 E
1458 3567 1525 3615 20
1560 3564 1646 3623 τίς
1680 3567 1897 3629 scripsi:
1943 3560 1995 3615 εἰ
2028 3563 2144 3614 libri
