2563 4087
373 236 518 303 1250
1207 234 1455 301 Aesopus
1488 235 1517 286 1

373 394 866 484 ποιησάμενον,
914 389 956 461 ἃ
992 391 1119 480 μὲν
1156 390 1330 478 αὐτὴ
1372 392 1766 479 ἐπηγάγετο,
1808 389 2077 460 τούτων
2111 390 2339 478 μήτηρ

372 500 603 584 εέστίν,
639 492 681 564 ἃ
718 494 782 565 δ’
823 484 1025 583 εὗρεν
1054 496 1129 563 ἐν
1156 497 1249 585 τῷ
1280 491 1508 582 ἀνδρὶ,
1544 492 1810 562 τούτων
1839 494 1982 562 ἐστὶ
2012 492 2337 579 μητρυιά.

370 598 651 684 ιπολλὴν
698 586 826 665 οὖν
864 598 938 664 ἐν
978 596 1314 682 ἑκατέροις
1353 597 1775 663 ἐνδείκνυται
1808 594 1932 681 τὴν
1966 593 2338 679 διαφοράν.

367 701 470 768 ·τά
519 698 655 785 μὲν
714 698 846 784 γὰρ
904 698 970 777 ἐξ
1034 690 1245 783 αὐτῆς
1308 695 1770 784 φιλοστόργως
1825 696 1941 763 καὶ
2003 696 2341 791 ἑπιμελῷς

318 831 362 870 ³5
388 801 735 889 τρέφουσα
793 803 1187 884 διαγίνεται,
1236 795 1320 865 τά
1374 794 1437 865 δ’
1493 798 1559 877 ἐξ
1613 795 1991 882 ἀλλοτρίων
2052 793 2341 864 ὠδίνων

387 915 589 989 μισεῖ,
634 901 750 969 καὶ
793 905 1162 990 ζηλοτυπίᾳ
1197 898 1530 986 χρωμένη,
1580 897 1704 985 τὴν
1752 900 2034 967 ἐκείνων
2068 896 2340 985 τροφὴν

390 1001 910 1088 περικόπτουσα,
962 1014 1105 1080 τοῖς
1144 1000 1384 1086 ἑαυτῆς
1422 1008 1860 1088 προστίθεται
1892 999 2170 1077 τέκνοις.
2209 996 2335 1067 >τά

387 1102 513 1191 μὲν
554 1101 699 1192 Ιγάρ
746 1100 951 1190 φύσει
999 1099 1091 1181 ὥς
1137 1107 1356 1169 οἰκεῖα
1408 1108 1624 1187 φιλεῖ,
1676 1099 2073 1190 ἀποστέργει
2118 1098 2197 1167 δὲ
2243 1098 2339 1167 τὰ

388 1209 513 1273 τοῦ
550 1202 804 1294 ἀνδρὸς
841 1201 936 1282 ω“ς
971 1200 1313 1290 ἀλλότρια.
1368 1201 1491 1270 τὸν
1529 1210 1680 1269 ἴσον
1717 1202 1801 1289 δὴ
1837 1203 1952 1270 καὶ
1979 1199 2022 1289 ἡ
2048 1203 2134 1288 γῆ
2163 1199 2336 1285 τρό·

299 1329 362 1369 10
389 1331 520 1375 πον
553 1308 692 1374 τῶν
736 1304 862 1393 μὲν
897 1302 1295 1391 αὐτομάτως
1345 1305 1412 1384 ἐξ
1461 1301 1674 1389 αύτῆς
1708 1304 2078 1390 φυομένων
2109 1301 2338 1391 μήτηρ

391 1409 606 1477 ἐστίν·
658 1402 701 1474 ἃ
737 1405 803 1476 δ’
855 1403 1066 1485 αὐτὸς
1117 1404 1541 1492 ἐμφυτεύεις,
1588 1404 1857 1473 τούτων
1905 1410 2162 1489 γίνεται
2197 1414 2377 1490 μη-’

386 1507 605 1596 τρυιά.
690 1499 773 1576 οὗ
821 1505 1020 1595 χάριν
1069 1507 1184 1574 καὶ
1233 1507 1495 1592 μᾶλλον
1548 1503 1639 1584 ὥς
1686 1505 1929 1592 γνήσια
1978 1502 2060 1572 τά
2110 1510 2341 1573 οἰκεῖα

386 1610 617 1697 τρέφει
640 1609 756 1675 καὶ
783 1606 1055 1692 θάλπει,
1081 1622 1224 1686 τοῖς
1253 1606 1330 1677 δὲ
1357 1605 1539 1696 παρά
1569 1611 1702 1676 σοῦ
1729 1607 2216 1694 φυτευομένοις
2244 1604 2337 1674 οὐ

388 1708 730 1796 τοσαύτην
777 1705 870 1787 ὥς
916 1707 1153 1787 νόθοις
1197 1707 1324 1796 τὴν
1367 1707 1630 1796 τροφὴν
1679 1706 1933 1795 νέμειςς.
2009 1709 2121 1776 ἐπὶ
2156 1705 2338 1774 τού-

298 1831 363 1871 15
389 1835 526 1889 τοις
571 1807 806 1896 ἡσθεὶς
857 1806 894 1876 ὁ
933 1807 1246 1897 κηπωρός
1287 1808 1720 1896 ,,πιστεύσαις
1754 1807 1841 1877 ἄν
1875 1808 2063 1897 μοι“,
2115 1815 2339 1895 φησίν

390 1908 542 1997 ,,ὅτι
570 1938 658 1998 με
691 1909 1044 1999 ἀμηχάνου
1090 1910 1311 1997 λύπης
1348 1912 1463 1979 καὶ
1501 1910 1899 1997 ἀδολεσχίας
1939 1909 2333 2020 ἐκούφισας.

526 2143 552 2191 1
590 2137 719 2207 μὲν]
759 2136 837 2207 μή
876 2142 921 2190 F
945 2141 997 2191 K
1022 2140 1063 2190 Z
1086 2156 1145 2190 a:
1181 2143 1278 2191 sed
1310 2143 1362 2190 in
1398 2143 1636 2192 editionis
1670 2143 1895 2192 Aldinae
1930 2142 2179 2205 exemplis
2215 2143 2337 2207 qui-

387 2208 595 2259 busdam
630 2211 802 2259 uitium
835 2209 1082 2258 sublacum
1116 2215 1201 2284 est⁹
1336 2200 1511 2290 αὐτὴ]
1550 2200 1700 2273 αὐτῆ
1737 2210 1785 2258 R
1807 2211 1851 2259 P
1890 2200 2038 2274 αὑτὴ
2077 2209 2149 2271 Η,
2196 2210 2250 2258 in
2286 2207 2331 2269 Q

390 2267 536 2341 αύτὴ
564 2278 797 2325 radendo
819 2277 1009 2336 factum
1035 2291 1104 2325 εα-
1130 2273 1277 2337 αυτῆ
1366 2268 1512 2338 αύτη
1547 2276 1624 2325 V:
1662 2267 1808 2341 αὕτη
1848 2272 2023 2326 τέκνα
2058 2280 2225 2325 ceteri

388 2333 711 2408 ἐπηγάγετο
746 2360 883 2394 corr.
923 2358 994 2393 ex
1031 2333 1129 2396 ἀπ.
1166 2342 1206 2389 Ζ
1310 2345 1342 2391 2
1379 2338 1447 2394 δὲ
1485 2344 1534 2392 V
1556 2343 1596 2391 Z
1702 2335 1767 2393 έν
1803 2345 1839 2395 i.
1864 2359 1907 2397 e.
1945 2338 2104 2406 παρὰ
2140 2345 2213 2404 ef.
2249 2345 2332 2393 in·

388 2413 565 2462 dicem.
612 2413 717 2462 noli
737 2413 894 2476 igitur
915 2425 1170 2475 reponere
1195 2402 1412 2472 ἀνδρὸς
1515 2405 1730 2477 μητυιά
1753 2410 1823 2474 Α,
1859 2428 1890 2475 ρ
1927 2412 2049 2461 add.
2073 2410 2122 2460 A
2147 2412 2199 2472 2,
2236 2427 2335 2475 μι-

390 2476 520 2542 τρία
556 2478 601 2527 Ρ
760 2482 791 2528 3
830 2475 1132 2528 δείκνυται
1169 2476 1241 2537 V;
1280 2480 1333 2527 in
1370 2477 1411 2538 Q
1447 2469 1815 2530 ἐνδείκνυται
1851 2494 1989 2532 corr.
2027 2495 2125 2529 ται
2159 2494 2232 2528 ex
2267 2492 2333 2528 τε

546 2548 580 2595 4
617 2538 861 2612 ἐξαυτῆς
897 2544 937 2593 Ζ
974 2537 1240 2608 έξαυτοῖς
1274 2545 1319 2593 Ρ
1356 2536 1604 2612 ἐξάὖτῆς
1639 2544 1695 2594 Η
1729 2546 1810 2595 hic
1846 2554 1897 2594 et
1935 2547 1999 2596 10
2161 2546 2333 2606 φιλο-

380 2608 581 2691 σόφως
616 2612 664 2663 Φ
826 2615 859 2665 5
895 2603 1234 2678 διάγύνεται
1272 2611 1318 2660 Ρ
1476 2614 1509 2662 5
1545 2605 1613 2662 τά
1652 2606 1719 2663 δὲ
1756 2605 1816 2675 ἐξ
1852 2613 1894 2661 Ζ
1941 2608 2012 2663 τά
2051 2608 2117 2663 δὲ
2157 2607 2221 2675 εξ
2258 2612 2333 2674 Κ,

388 2696 529 2739 τους
567 2673 628 2730 δ’
666 2672 728 2743 ἐξ
763 2680 811 2729 Α
846 2673 979 2739 τούς
1005 2673 1105 2741 δὲξ
1144 2678 1189 2728 Ρ
1225 2672 1297 2728 τά
1336 2672 1392 2730 δ’
1434 2671 1627 2742 ἐξαλλ,
1661 2679 1716 2728 H
1846 2681 1877 2730 6
1913 2679 2248 2746 ζηλωτυπία
2282 2680 2331 2729 Ε

383 2747 574 2866 {vion
613 2747 668 2795 H
822 2750 852 2797 7
888 2742 1037 2811 τοῖς]
1076 2744 1178 2812 τῆς
1213 2746 1258 2794 F
1413 2737 1625 2812 ἑαυτῆς
1667 2764 1739 2797 eoe
1774 2738 2007 2806 ἑαυτοῖς
2041 2764 2178 2798 corr.
2215 2747 2277 2796 M
2304 2751 2331 2796 1

419 2817 621 2872 αυτοῖς
656 2814 705 2862 V
729 2814 778 2863 R
804 2815 846 2862 P
872 2814 918 2863 E
943 2813 998 2865 H
1100 2813 1448 2878 προτίθεται
1482 2814 1539 2862 Μ
1563 2814 1612 2864 V
1637 2815 1705 2877 R,
1741 2815 1783 2864 P
1823 2808 2145 2879 (προτήθ.),
2179 2816 2226 2864 Ε
2255 2816 2333 2873 H,

387 2884 437 2945 Q
486 2882 665 2941 (erasa
709 2883 882 2946 aliqua
926 2883 1100 2931 littera
1143 2897 1304 2945 super
1349 2879 1406 2944 ο)
1449 2881 1879 2946 προστίθεσθαι
1913 2881 1962 2930 Α
2134 2878 2204 2933 τοὶ
2249 2876 2330 2948 μὴ

382 2941 497 3015 γάρ
533 2949 587 2996 Η
758 2949 790 2998 8
829 2943 1054 3008 οἰκείως
1092 2965 1154 3014 φ.
1204 2949 1252 2998 R
1301 2944 1487 2999 είκεῖα
1525 2950 1692 3014 φιλεῖ
1721 2952 1787 3012 Ρ,
1828 2952 1859 2999 l.
1900 2964 1943 3013 φ
1977 2949 2106 3012 fecit
2147 2966 2218 3001 ex
2257 2942 2333 3008 ὥς

386 3031 458 3066 m.
500 3029 581 3079 pr.
730 3017 761 3066 9
799 3008 1013 3080 ἀνδρὸς
1050 3006 1148 3082 ὥς]
1190 3007 1265 3073 ὡς
1303 3032 1394 3067 οηι.
1430 3015 1482 3064 D
1622 3010 1748 3068 ἴσον
1773 3031 1807 3064 v
1969 3010 2069 3082 δὴ]
2107 3010 2173 3067 δὲ
2209 3016 2262 3066 R
2284 3017 2333 3066 F

527 3084 590 3131 10
627 3073 961 3147 αὐτομάτως
997 3099 1089 3136 om.
1129 3083 1176 3133 Φ
1307 3085 1368 3133 11
1407 3078 1475 3134 δὲ
1513 3084 1553 3132 Ζ
1681 3074 2015 3148 έμφιτεύεις
2051 3083 2092 3132 Ζ
2218 3101 2333 3151 μη-

385 3144 533 3215 τρυὰ
570 3148 620 3198 D
673 3206 686 3225 ἱ
758 3153 821 3200 12
859 3140 1104 3229 οὖχάριν
1140 3150 1184 3199 Ρ
1312 3144 1380 3200 τὰ
1422 3147 1612 3203 οἰκεῖα
1648 3167 1740 3201 om.
1780 3152 1828 3202 Φ
1957 3152 2020 3201 13
2057 3144 2245 3218 τρέφη
2282 3154 2331 3203 Ρ

528 3219 590 3266 14
627 3234 732 3284 την
769 3234 993 3283 τροφην
1027 3210 1104 3275 ὡς
1139 3211 1345 3277 neumas
1384 3218 1431 3268 Φ
1558 3212 1726 3282 νέμοι
1764 3220 1805 3268 Ρ
1842 3211 2043 3280 νέμειν
2079 3220 2257 3270 deleta
2296 3223 2331 3269 I.

337 3339 344 3344 ,
387 3302 422 3336 ν
457 3290 689 3336 extrema
722 3285 773 3334 D
926 3287 988 3336 15
1024 3277 1230 3352 ἡσθεὶς
1265 3300 1360 3335 om.
1400 3285 1448 3335 Φ
1584 3278 1872 3351 κηπουρὸς
1909 3284 1958 3334 Φ
2096 3282 2333 3339 πιστεύ-

387 3367 491 3419 σης
525 3352 570 3401 Ρ
607 3346 916 3412 πιστεύσας
953 3353 1030 3415 Q3
1068 3354 1122 3401 in
1156 3352 1204 3401 A
1247 3354 1452 3402 uidetur
1483 3354 1646 3417 fuisse
1693 3368 1856 3413 ..σας
1890 3355 1975 3404 uel
2016 3389 2028 3402 .
2050 3366 2196 3417 .σης,
2233 3357 2339 3405 sed

386 3423 486 3470 iam
509 3422 771 3484 scriptura
792 3422 909 3482 fere
935 3421 1133 3470 omnino
1158 3423 1395 3475 euanuit,-
1439 3458 1450 3469 .
1474 3435 1626 3479 .σαις
1661 3437 1800 3472 corr.
1826 3437 1897 3471 ex
1930 3456 1941 3468 .
1962 3418 2135 3479 ,σαῦς
2170 3421 2226 3471 Η

391 3489 454 3537 16
494 3479 676 3554 λύπης
712 3504 806 3541 om.
847 3488 894 3538 Φ
1013 3478 1378 3552 ἀδολεσχίας]
1418 3480 1790 3553 ἀμφιβολίας,
1828 3477 2183 3552 ἀμηχανίας,
2226 3503 2332 3550 με·

390 3551 613 3619 ρίμνης,
642 3555 713 3618 cf.
742 3554 999 3605 Schleusn.
1037 3554 1103 3603 L.
1138 3553 1200 3603 V.
1237 3553 1296 3608 T.
1326 3556 1372 3613 1,
1400 3556 1464 3604 61
1500 3572 1563 3608 m.
1591 3555 1694 3606 Bk.
1731 3557 1833 3607 An.
1874 3557 1918 3617 1,
1947 3556 2030 3615 21,
2056 3557 2142 3607 30.
2177 3554 2334 3608 Saia.
