2563 4087
2079 223 2083 228 ’
2109 254 2230 317 189

286 398 684 487 παρεισάγει
709 396 986 484 ἀνδρός,
1017 393 1088 477 ὃς
1119 395 1367 485 μεταξὺ
1389 396 1519 466 δύο
1547 400 1752 464 τινῶν
1780 406 1912 464 εἴτε
1941 394 2231 484 ὁμαιμό-

286 528 438 570 νων
467 510 601 570 εἴτε
638 501 1036 589 προσφιλῶν
1073 500 1380 579 διενέξεις
1415 524 1486 567 τε
1512 499 1626 566 καὶ
1661 497 1987 585 διαμάχας
2016 489 2233 585 ἀναρ-

292 609 552 690 ριπίζει.
598 602 674 670 τὸ
696 600 1020 689 δεύτερον
1042 602 1195 688 περὶ
1216 599 1601 687 φιλοσόφου
1622 597 1873 685 ἀνδρὸς
1902 606 2231 685 παρίστη-

291 725 442 787 σιν,
503 700 582 782 ὃς
636 701 895 789 πολλὴν
943 705 1038 792 τῷ
1093 703 1338 770 ἑαυτοῦ
1391 709 1754 788 προσφιλεῖ
1802 703 2060 789 ἐμποιεῖ
2108 700 2234 786 τὴν

289 804 651 892 ὠφέλειαν.
723 803 800 871 τὸ
849 810 1082 892 τρίτον
1127 804 1280 891 περὶ
1318 803 1760 891 δολιόφρονος
1798 801 2053 887 ἀνδρὸς
2089 807 2233 868 εἰσ-
2259 831 2285 870 5

294 922 591 994 ηγεῖται,
640 900 714 984 ὃς
763 902 890 972 οὐκ
940 904 1397 986 ἐπινυστάξειν
1447 902 1593 972 οἶδε
1627 902 1897 972 πῶποτε
1931 918 2074 982 τοῖς
2109 928 2233 970 κα-

296 1023 485 1095 κοῖς,
535 1006 783 1085 δόλους
831 1006 946 1073 καὶ
997 1013 1359 1093 σκαιωρίας
1408 1004 1574 1073 κατὰ
1625 1008 1746 1072 τοῦ
1792 1005 2025 1090 ἑτέρου
2064 1024 2236 1089 συρ-

292 1108 601 1195 ράπτων,
635 1110 899 1177 ἐκείνου
927 1105 1017 1194 μὴ
1038 1106 1315 1185 εἰδότος.
1371 1106 1448 1174 τὸ
1473 1107 1792 1191 τέταρτον
1812 1107 1965 1192 περὶ
1986 1104 2236 1193 ἀνδρός

304 1213 483 1279 ἐστιν
533 1208 852 1298 ἀπρεπῶς
906 1209 1112 1298 ἑτέρῳ
1159 1212 1772 1296 προσονειδίζοντος
1807 1203 1929 1293 τὴν
1968 1201 2235 1275 ἐκείνου

291 1313 391 1378 τῶ
441 1310 698 1398 σῶμα-ει
750 1309 1275 1395 ἐνυπάρχουσαν
1326 1311 1399 1378 ἐκ
1449 1311 1699 1395 λέπρας
1741 1317 1901 1386 ἴσως
1937 1306 2233 1395 ἀσχημο-
2265 1337 2315 1375 10

298 1412 521 1499 σύνην
556 1412 708 1479 τινὰ
745 1406 788 1497 ἢ
824 1410 1056 1498 ἕτερόν
1107 1437 1169 1478 τι
1215 1411 1496 1479 τοιόνδε.
1570 1410 1646 1478 τὸ
1694 1408 2033 1496 πέμπτον,
2084 1409 2238 1496 περὶ

295 1515 424 1581 τοῦ
463 1512 553 1599 μὴ
589 1518 737 1581 δεῖν
773 1510 1290 1599 ἀποφαίνεσθαί
1330 1539 1479 1581 τινα
1516 1517 1677 1600 περί
1706 1537 1884 1589 τινος
1922 1508 2239 1596 πράγμα-

302 1640 417 1693 τος
465 1610 507 1699 ἢ
555 1621 997 1703 κατηγορίας,
1059 1614 1226 1703 πρὶν
1273 1609 1316 1701 ἢ
1362 1613 1489 1699 τὴν
1538 1613 1789 1700 ταύτης
1838 1618 2238 1700 βεβαιωθείη

298 1714 646 1802 ἀλήθειαν.
700 1714 776 1784 τὸ
816 1717 1010 1783 ἕκτον
1043 1715 1415 1802 κεφάλαιον
1450 1716 1604 1801 περὶ
1639 1717 1764 1782 τοῦ
1796 1712 1885 1801 μὴ
1915 1718 2064 1782 δεῖν
2091 1738 2240 1780 τινα
2266 1750 2310 1787 p.
2339 1739 2414 1779 126

309 1818 417 1885 ἐπὶ
466 1814 718 1905 ἄφρονι
770 1812 972 1903 ἀνδρὶ
1027 1818 1140 1884 καὶ
1182 1819 1531 1896 ἰδιωτικῶς
1571 1823 1788 1903 ἔχοντι
1823 1814 2237 1884 πεποιθέναι.
2259 1841 2319 1907 Δ15

296 1918 380 1985 τὰ
436 1919 726 2006 ἕβδομον
772 1916 1140 2004 κεφάλαιον
1189 1920 1344 2006 περὶ
1382 1920 1730 2005 φθονεροῦ
1769 1914 2021 2004 ἀνδρὸς
2060 1918 2241 1984 ἐκδι-

309 2019 562 2107 δάσκει,
608 2019 994 2108 ζηλοτύπως
1041 2018 1210 2106 πρὸς
1251 2018 1523 2107 ἑτέρους
1560 2017 1817 2107 ἄνδρας
1856 2021 2095 2103 ἔχοντα
2133 2016 2242 2084 διὰ

300 2122 383 2189 τὰ
425 2124 729 2201 ἐκείνους
765 2124 1057 2208 χρηστοῦ
1085 2147 1266 2199 τινος
1298 2120 1753 2189 ἐπαπολαύειν
1779 2115 1821 2206 ἢ
1849 2118 2242 2199 ἀξιεπαίνου

297 2224 490 2302 τινὸς
527 2223 1023 2312 προτερήματος
1063 2224 1137 2291 ἐν
1188 2229 1517 2310 μετουσία
1568 2221 1960 2307 τυγχάνειν·
2035 2216 2112 2299 ὃς
2159 2218 2242 2304 δὴ

301 2326 422 2392 καὶ
458 2332 851 2413 βασκαίνων
891 2327 1169 2403 ἐκείνοις
1206 2321 1471 2392 ἀνιᾶται
1496 2324 1621 2411 μὲν
1649 2319 1811 2391 καθ’
1856 2313 2101 2391 ἑαυτὸν
2128 2321 2243 2388 καὶ
2272 2349 2323 2388 20

304 2425 557 2516 φθόνῳ
594 2425 895 2512 τήκεται,
944 2424 1106 2504 τούς
1144 2425 1223 2492 δέ
1258 2452 1336 2511 γε
1372 2424 1896 2513 φθονουμένους
1932 2420 2079 2490 κατ’
2121 2419 2246 2489 οὕ-

306 2526 474 2596 δένα
510 2526 767 2613 τρόπον
805 2527 1129 2595 ἐντεῦθεν
1165 2533 1578 2621 λυμαίνεται..
1633 2526 1708 2594 τὸ
1747 2523 1995 2611 ὄγδοον
2030 2521 2239 2609 κεφά-
2304 2601 2310 2607 .

308 2636 500 2696 λαιον
548 2627 812 2715 πέφυκε
862 2629 1018 2715 περὶ
1066 2634 1187 2695 τοῦ
1243 2631 1391 2696 δεῖν
1441 2653 1590 2695 τινα
1648 2625 1906 2704 πάντας
1970 2622 2245 2709 ἀγαπᾶν

307 2731 421 2798 καὶ
481 2730 806 2817 μηδαμῶς
864 2731 956 2849 τῶ
1020 2728 1373 2815 ποιήσαντι
1432 2726 1645 2796 κακὸν
1707 2724 2110 2795 ἀποδιδόναι
2164 2725 2244 2792 τά

449 2930 476 2977 1
513 2917 861 2992 παρεισάγει
906 2925 1198 2975 uocabulum
1243 2925 1615 2975 recentioribus
1657 2926 1786 2976 salis
1827 2923 2093 2983 usitatum,
2151 2926 2249 2971 iam

316 2997 437 3045 nilzil
471 3002 550 3045 est
587 2996 687 3044 πίει·
721 2995 978 3059 exponit,
1017 3009 1125 3042 cum
1156 2995 1374 3056 proprie
1406 2994 1571 3056 fuerit
1607 2992 1825 3042 inducit
1859 2993 1967 3042 siue
2001 2991 2249 3040 homines

320 3063 583 3113 docentes
618 3064 729 3111 siue
765 3030 1020 3125 exemp'ia
1059 3060 1322 3110 docentia
1481 3062 1513 3109 2
1551 3055 1802 3139 διένεξις
1836 3060 1871 3112 ι’.
1910 3075 1954 3109 e.
1991 3050 2254 3122 διαφορά

310 3129 587 3180 discordia
710 3130 742 3178 6
780 3121 930 3193 οἶδε]
970 3145 1020 3177 ιι.
1052 3130 1134 3189 15,
1162 3131 1193 3178 6
1325 3129 1387 3178 12
1422 3130 1476 3177 in
1509 3145 1558 3177 ιι.
1596 3120 1932 3192 πράγματος
1967 3128 2154 3177 desinit
2188 3141 2251 3173 m.

313 3215 397 3261 ρι’.
420 3201 475 3247 in
499 3213 653 3247 uersu
678 3202 939 3253 extremm
977 3213 1010 3245 α
1043 3213 1124 3244 uu.
1159 3182 1200 3275 ᾗ
1237 3194 1587 3261 κατηγορίας
1624 3211 1823 3245 uersum
1857 3196 2038 3258 incipit
2072 3210 2132 3246 m.
2162 3195 2250 3242 alt.

419 3319 483 3367 13
521 3312 865 3395 βεβαιωθίει
972 3314 1036 3362 14
1071 3329 1177 3389 μη
1187 3306 1323 3365 τινὰ
1430 3314 1494 3364 15
1530 3282 1724 3364 ἰδιοτι
1815 3312 1877 3360 16
1903 3302 2152 3390 ἕυδομον

318 3385 379 3434 17
415 3376 744 3444 ζυλοτύπως
849 3383 913 3431 18
952 3376 1184 3460 χριστοῦ
1221 3374 1353 3432 τινὰ
1393 3372 1562 3432 ἔπάπ.
1600 3370 1642 3445 ἢ
1676 3370 1868 3443 άξιέπ.
1975 3379 2038 3427 19
2075 3368 2152 3435 ὥς

317 3500 380 3549 21
418 3497 643 3551 τίκεται
779 3502 845 3548 22
884 3440 1108 3565 λυιῗὲνξ
1127 3516 1194 3550 m.
1219 3516 1316 3578 ρι’.
1456 3501 1522 3549 23
1558 3490 1723 3557 τινας
1758 3463 1877 3547 παῖ
2014 3459 2130 3560 027⁷}

320 3568 386 3617 24
437 3561 501 3617 τὸ
549 3568 692 3630 (add.
738 3584 801 3616 m.
845 3570 935 3618 alt.
980 3573 1014 3619 l.
1060 3567 1116 3630 ν)
1171 3559 1274 3618 τὸν
1329 3558 1662 3630 ποιήσαντα
1718 3566 1864 3617 θοᾶν
1849 3602 1865 3627 ,
1934 3564 2128 3628 scripsi
2177 3561 2254 3631 τῷ
