2563 4087
1063 239 1307 302 Aesopus
1345 238 1372 287 1
2062 233 2186 299 231

215 427 309 468 τε
355 397 917 485 κακουργήματος
954 399 1097 464 τῶν
1157 398 1442 467 οἰκετῶν
1496 397 1612 463 καὶ
1660 398 1776 482 τῆς
1826 415 2180 489 συκοφαν-
2187 427 2228 466 p
2248 415 2355 456 10¹³

215 509 413 588 πίας,
452 497 490 567 ὁ
521 498 647 586 μὲν
676 498 1008 586 δεσπότης
1039 500 1392 566 ἐκέλευσεν
1413 496 1670 577 αὐτούς
1689 499 2181 585 γυμνωθέντας

227 610 704 692 μαστίζεσθαι··
760 606 835 669 οἳ
868 599 930 668 δ’
973 600 1369 686 ἐπέγνωσαν
1407 602 1640 688 σαφῶς
1677 626 1849 668 κατα
1902 599 2024 667 τὸν
2087 605 2185 667 εἰ·

229 703 463 781 πάντα
514 698 626 782 ὥς·
1678 730 1683 735 ·

444 803 623 885 ὅςτις
658 801 808 873 καθ’
852 805 1083 893 ἑτέρου
1122 804 1315 873 δόλια
1350 804 1796 892 μηχανεύεται
2212 822 2238 861 ⁶

444 905 655 986 αὐτὸς
691 904 850 973 καθ’
893 904 1109 974 αὑτοῦ
1146 910 1350 974 τοῦτο
1387 909 1602 974 ποιῶν
1639 905 1984 974 λανθάνει.
2016 984 2019 987 ,

379 1014 485 1096 Τῇ
518 1006 581 1076 δ’
617 1006 899 1096 ἐπιούσῃ
928 1013 1051 1076 τοῦ
1080 1007 1208 1095 μὲν
1227 1007 1563 1077 δεσπότου
1593 1015 1690 1086 εἰς
1726 996 1897 1076 ἄστυ
1930 1010 2184 1075 έπανατ·
2212 1012 2267 1062 11
2363 1068 2372 1079 ,

216 1110 619 1196 ζεύξαντος,
645 1114 769 1177 τοῦ
800 1108 863 1178 δ’
895 1110 1229 1178 Αἰσώπου
1257 1109 1676 1189 σκάπτοντος
1708 1101 1751 1197 ᾗ
1781 1109 2186 1198 προσετάγη,

240 1218 446 1302 ἱερεῖς
498 1217 619 1297 τῆς
657 1209 1041 1298 ’Λρτέμιδος
1079 1210 1190 1280 εἴτ’
1232 1209 1423 1280 ἄλλοι
1457 1211 1635 1291 τινὲς
1671 1210 2024 1300 ἅνθρωποι
2067 1213 2184 1297 τῆς

221 1312 409 1382 ὁδοῦ
473 1315 934 1399 πλανηθέντες
1002 1314 1115 1381 καὶ
1167 1318 1263 1403 τῷ
1319 1312 1622 1407 Αἰσώπῳ
1684 1311 2183 1401 περιτυχόντες,
2215 1336 2263 1373 ιο

221 1414 750 1505 προύτρέποντο
789 1415 962 1503 πρὸς
1000 1413 1167 1495 Διὸς
1203 1417 1432 1496 ξενίου
1482 1415 1605 1484 τὸν
1654 1413 1871 1503 ἄνδρα
1914 1414 2038 1500 τὴν
2086 1421 2184 1493 εἰς

219 1516 410 1586 ἄστυ
462 1518 815 1604 φέρουσαν
866 1515 1101 1596 αὐτοῖς
1136 1514 1505 1599 ὑποδεῖξαι.
1600 1514 1640 1585 ὃ
1681 1517 1746 1587 δ’
1799 1515 1938 1586 ὑπὸ
1990 1516 2185 1584 σκιὰν

221 1622 532 1707 δένδρου
569 1618 732 1698 τούς
768 1616 1025 1707 ἄνδρας
1061 1617 1440 1706 ἀπαγαγών
1479 1619 1808 1708 πρότερον
1845 1621 1957 1687 καὶ
1998 1619 2185 1687 λιτὸν

181 1748 188 1753 ·
239 1723 720 1809 παραθέμενος
741 1725 1048 1807 δεῖπνον,
1065 1720 1209 1789 εἶτα
1222 1723 1338 1789 καὶ
1359 1720 1782 1810 ἡγησάμενος
1802 1721 2063 1808 αὐτοῖς,
2085 1728 2184 1801 εἰς

222 1820 325 1910 ἣν
364 1822 637 1909 ἐζήτουν
686 1820 853 1890 ὁδὸν
903 1822 1313 1909 εἰσήνεγκεν.
1378 1830 1447 1892 οἳ
1488 1822 1615 1910 μὲν
1652 1814 1780 1892 οὖν
1819 1825 2023 1891 τοῦτο
2059 1822 2184 1910 μὲν
2213 1844 2263 1885 15

224 1926 353 1994 ἐπὶ
389 1927 474 2013 τῇ
514 1922 729 2013 ξενίᾳ,
765 1928 968 1992 τοῦτο
1006 1923 1083 1993 δὲ
1117 1926 1234 1993 καὶ
1264 1927 1375 1993 ε’πὶ
1414 1928 1497 2013 τῇ
1537 1922 1786 2014 ὁδηγίᾳ
1816 1923 2177 2009 διαφερόν-

222 2054 369 2106 τως
389 2029 510 2095 τοῦ
539 2023 792 2116 ἀνδρὸς
816 2027 1320 2114 ἐξαρτηθέντες,
1348 2026 1469 2106 τάς
1494 2053 1566 2095 τε
1590 2042 1818 2114 χεῖρας
1848 2033 1946 2105 είς
1967 2023 2181 2112 ούρα-

221 2129 365 2197 νόν
393 2119 569 2216 ἦραν
609 2131 722 2197 καὶ
764 2126 932 2217 εὐχῇ
970 2128 1092 2195 τὸν
1124 2127 1487 2217 εὐεργέτην
1516 2127 1908 2215 ἠμείψαντο.
1949 2138 2182 2198 Αἴσω-

223 2255 363 2311 πος
412 2229 477 2298 δ’
515 2227 952 2319 ὑποστρέψας
1006 2232 1119 2298 καὶ
1169 2238 1268 2311 είς
1317 2228 1543 2299 ὕπνον
1591 2228 1989 2300 καταπεσών
2041 2228 2184 2299 ὑπό

377 2380 404 2426 1
443 2373 547 2442 τῆς
582 2393 681 2429 om.
720 2377 1144 2428 ΜῩΒΒΗΦ
1180 2377 1429 2428 JFZK
1467 2377 1564 2429 καὶ
1593 2378 1813 2444 τῆςοηι.
1846 2382 1910 2439 Κ,
1948 2382 2182 2440 inmarq.

217 2449 409 2510 suppl.
444 2442 547 2495 καὶ
653 2446 685 2494 4
723 2440 797 2504 ὡς
833 2461 928 2496 om.
949 2444 1031 2507 Φ,
1071 2452 1124 2495 in
1157 2444 1217 2522 Μ
1252 2446 1528 2496 abscissum
1558 2449 1719 2521 periit
1824 2449 1855 2496 5
1893 2442 2102 2503 δόλους
2132 2446 2181 2496 Φ

356 2507 766 2640 ηξῖανέβεται
803 2512 848 2561 Ρ
986 2515 1017 2562 6
1054 2503 1230 2570 αὐτὸς
1266 2506 1429 2643 καθ)-
1426 2505 1631 2564 αὐτου
1676 2512 1846 2564 τοῦτο
1893 2506 2181 2563 λανθάνει

229 2594 419 2630 ποιων
575 2579 634 2628 Μ
677 2598 730 2630 tn
773 2583 1000 2644 margine
1048 2579 1258 2644 (addito
1297 2581 1409 2645 γρ.)
1457 2579 1658 2646 (Lu9d,·
1693 2583 1762 2644 cf.
1821 2580 1947 2644 Wz)
1993 2584 2185 2645 scr-Ipsi

219 2645 421 2698 ποιῶν
459 2617 752 2699 λανθάνει
788 2664 888 2699 non
921 2651 1175 2699 immemor·
1208 2664 1380 2699 eorum
1417 2665 1549 2727 quae
1581 2656 1701 2726 post
1738 2650 2016 2699 Ρονεοηεηι
2056 2649 2180 2698 Din—

223 2718 430 2779 dorfius
474 2718 526 2764 in
572 2716 738 2780 praef.
786 2717 930 2795 poelt.
970 2731 1113 2767 scen.
1159 2720 1429 2779 exposuit:
1479 2707 1633 2768 αὐτῶ
1683 2707 1879 2780 (αὐτῶ
1916 2716 1966 2764 D
1992 2716 2182 2765 EHF

125 2819 134 2825 -
221 2784 273 2833 Ζ
300 2780 433 2845 Kb)
483 2779 696 2846 λέληθε
741 2799 806 2834 το
853 2777 1038 2835 κακὸν
1083 2781 1300 2849 (κακῶν
1317 2783 1403 2866 Ρ)
1449 2774 1867 2849 αρχιτεκτονῶν
1911 2784 1958 2845 Q
1984 2783 2033 2832 D
2062 2785 2107 2833 R
2135 2783 2181 2834 Φ

228 2849 1097 2913 EHFIKz‚Minteaetu‚v
1202 2846 1593 2916 7μενονιι.Φ
1719 2847 1956 2915 εἰΡοῙ.
2000 2854 2058 2900 11

219 2888 727 2993 ἐπανεζεύξαντος
762 2919 811 2969 R
859 2909 1286 2998 ἀναζεύξαντος
1328 2919 1411 2969 ed.
1451 2919 1691 2970 Neuelet.
1810 2921 1843 2969 8
1880 2918 1983 2970 τοῦ
2021 2913 2086 2971 δε
2124 2920 2182 2983 Ζ,

221 2983 335 3038 καὶ
371 2981 475 3037 τοῦ
513 2986 627 3050 (om.
665 2982 753 3050 δε)
791 2986 840 3036 Φ
964 2979 1288 3052 κάμνοντος
1325 2988 1370 3048 Q
1499 3001 1823 3070 προσεταγη
1862 2988 1936 3035 V.
1979 3002 2182 3051 προσε·

227 3045 429 3120 τάχθη
469 3056 633 3104 ceteri
665 3053 727 3118 (Z
764 3071 835 3105 ex
868 3070 1060 3120 προετ.
1098 3055 1259 3115 corr.)
1400 3057 1431 3105 9
1473 3048 1579 3107 εἴτ’
1620 3045 1785 3107 ἄλλοι
1825 3050 1974 3113 τινὲς
2011 3072 2105 3108 om.
2131 3055 2180 3104 D

373 3126 431 3171 11
474 3118 899 3188 προυτρέποντο
937 3123 981 3185 Q
1007 3123 1058 3172 D
1085 3122 1131 3173 Φ
1159 3122 1212 3171 Η
1235 3122 1273 3171 J
1299 3123 1342 3171 F
1369 3124 1417 3171 K
1442 3122 1483 3172 Z
1530 3140 1589 3172 v.
1629 3126 1817 3201 qualia
1838 3127 1891 3173 in
1919 3131 2183 3201 posterum

220 3205 332 3240 non
369 3189 556 3241 notabo
696 3181 756 3240 ἑσ
793 3191 840 3239 Α
981 3192 1042 3240 12
1081 3180 1370 3243 ὑποσκιαν
1407 3193 1450 3240 Ε
1478 3191 1532 3240 Η
1675 3193 1736 3242 13
1783 3181 2024 3256 ἆπαγών
2070 3191 2116 3239 F
2139 3189 2180 3239 Z

368 3305 470 3358 mxl
510 3314 630 3357 ante
668 3299 828 3359 λιτὸν
864 3325 958 3361 om.
997 3325 1029 3359 a
1171 3274 1346 3360 λυτὸν
1390 3309 1435 3369 Q
1579 3311 1642 3360 15
1686 3317 1805 3359 ante
1851 3300 1994 3359 ὁδὸν
2035 3311 2088 3356 in
2135 3307 2183 3356 A

217 3376 355 3424 add.
407 3369 492 3433 εἰς
537 3376 639 3424 A2
798 3366 966 3455 οὕτω,
1004 3378 1057 3428 in
1088 3379 1316 3441 maryine
1340 3394 1423 3441 γρ.
1452 3375 1622 3427 τοῦτο
1659 3376 1750 3441 (m.
1775 3393 1852 3442 pr.
1866 3376 1917 3441 ?)
1955 3374 2019 3438 Q,
2060 3382 2180 3424 ante

223 3440 403 3492 τοῦτο
440 3447 521 3492 in
515 3443 577 3491 A
613 3459 811 3494 erasum
847 3442 1019 3496 τοῦτο
1161 3446 1223 3494 16
1270 3438 1339 3494 δὲ
1341 3440 1498 3522 -καὶ]
1546 3440 1610 3495 δὲ
1648 3462 1740 3497 om.
1783 3444 1832 3494 E
1969 3439 2181 3502 διαφε-

222 3500 450 3574 ρόντως
487 3526 581 3561 om.
622 3509 669 3560 Φ
812 3514 877 3563 18
911 3497 1053 3594 ἦρον
1089 3512 1133 3561 F
1261 3510 1365 3562 τοῦ
1404 3501 1714 3578 εὐεργέτην
1752 3512 1848 3576 (ην
1879 3511 2071 3572 factum
2109 3526 2181 3561 ex

224 3576 345 3642 ειν)
382 3578 429 3627 Ρ
470 3568 777 3645 ευεργετήν
811 3579 860 3629 R
999 3574 1331 3646 ἀμείψαντο
1367 3579 1407 3627 Ζ
