2563 4087
393 232 513 295 126
1277 232 1426 283 vnn.

389 385 601 443 θειαν.
657 375 733 443 τὸ
774 377 966 442 ἕκτον
1003 374 1396 460 κεφάλαιον,
1435 370 1536 440 ότι
1571 370 1653 440 οὐ
1684 373 1920 457 πρέπει
1945 399 2097 440 τινα
2132 375 2343 440 ἐλπί-

390 484 517 559 ζειν
567 483 664 555 είς
710 473 1082 564 άνθρωπον
1143 472 1410 564 άφρονα
1459 475 1573 542 καὶ
1621 470 1966 552 παντελῶς
2026 474 2337 561 ἰδιώτην.

185 617 228 657 Ρ.
236 606 372 648 15613.
392 576 468 644 τὸ
507 581 795 665 ἕβδομον
848 576 1170 664 ἕρμήνευε
1206 578 1361 665 περὶ
1410 574 1662 664 ἀνδρὸς
1699 577 2082 662 φθονεροῦ,
2130 583 2343 677 ζηλο-

394 684 776 758 τυποῦντος
804 676 1053 757 ἀλλους
1082 676 1496 764 ἀνθρώπους
1522 679 1742 756 καλῶς
1762 675 2184 764 πράττοντας
2216 679 2341 745 καὶ

338 812 362 850 5
391 779 885 867 εὐτυχοῦντας,
932 776 972 866 ἢ
1009 780 1176 847 διότι
1224 785 1452 866 ἔχουσι
1501 780 1884 867 προτέρημα
1931 771 2349 858 ἀξιέπαινον

389 884 504 950 καὶ
541 883 649 949 διὰ
689 884 889 950 τοῦτο
920 885 1334 951 πλουτοῦσιν
1361 877 1401 968 ἢ
1431 881 1600 948 διότι
1625 879 2066 966 ἀγωνίζονται
2095 903 2343 966 περιτ-

387 982 511 1051 τὸν
546 989 703 1070 βίον
750 980 792 1070 ἢ
840 983 1007 1052 διότι
1041 981 1176 1051 ἀπὸ
1212 984 1524 1072 πατέρων
1575 978 2157 1070 ἐκληροιόμησαν·
2214 983 2340 1048 καὶ

390 1081 425 1153 6
464 1084 829 1174 ἅνθρωπος
866 1083 1049 1171 ὁρῶν
1085 1082 1341 1163 αὐτους
1389 1096 1642 1171 φθονεῖ
1684 1084 1800 1151 καὶ
1849 1090 2161 1151 λυπεῖται
2213 1084 2339 1150 καὶ

388 1195 803 1275 μαραίνεται,
842 1186 1013 1255 διότι
1047 1191 1305 1272 μᾶλλον
1334 1185 1416 1254 οὐ
1447 1185 1732 1255 δυ’ναται
1758 1183 2013 1272 βλάψαι
2039 1182 2335 1263 αυτούς.

312 1318 361 1355 10
386 1289 461 1357 τὸ
501 1286 749 1374 ὄγδοον
784 1289 1152 1375 κεφάλαιον
1190 1287 1512 1356 διδάσκον
1551 1292 1764 1372 ἔλεγε
1819 1285 2133 1373 ,,δι’καιόν
2189 1288 2340 1353 ἐστι

393 1392 553 1477 ,,καὶ
590 1391 851 1478 πρέπον
886 1389 1146 1468 πάντας
1175 1387 1590 1477 ἀνθρώπους
1625 1385 1926 1474 ἀγαπᾶν,
1953 1388 2067 1455 καὶ
2096 1386 2192 1473 μὴ
2232 1390 2333 1476 τῷ

392 1496 659 1578 ,,κακῶς
686 1492 1032 1579 ποιήσαντι
1058 1488 1562 1558 ἀνταποδοῦναι
1587 1487 1865 1557 κακόν.“
1904 1486 1980 1556 τὸ
2013 1493 2338 1573 ἔννατον,

389 1592 492 1661 ὅτι
526 1592 764 1680 πρέπει
802 1590 891 1672 ὥς
926 1593 1111 1662 θέλει
1144 1619 1242 1672 τις
1280 1596 1394 1660 ἵνα
1438 1594 1595 1679 ποιῇ
1647 1589 2011 1678 ἅνθρωπος
2048 1596 2146 1668 εἰς
2186 1587 2335 1657 αὐ-

388 1696 532 1780 τόν,
572 1692 748 1782 (ἵνα)
785 1697 900 1763 καὶ
937 1692 1144 1773 αὐτὸς
1183 1698 1343 1781 ποιῇ
1393 1691 1642 1771 ἄλλους
1678 1690 1945 1779 ὁμοίως.
2001 1690 2076 1758 vd
2116 1690 2339 1759 δέκα-

314 1821 363 1859 15
390 1823 508 1863 τον
545 1795 919 1882 κεφάλαιον
947 1796 1400 1883 συνεβούλευε
1434 1796 1551 1862 καὶ
1585 1792 1748 1881 μετά
1786 1799 1941 1865 τῶν,
1964 1794 2338 1880 ἐργαζομέ-

390 1925 533 1965 νων
580 1897 661 1965 τά
711 1896 915 1985 ἀσεβῆ
964 1905 1128 1985 ἔργα
1179 1899 1296 1965 καὶ
1347 1897 1614 1984 πράξεις
1650 1895 1897 1983 κακάς,
1945 1896 2058 1962 καὶ
2096 1897 2336 1962 δυνα*

387 1998 767 2070 στευόντων
787 2001 947 2080 τούς
976 1997 1285 2087 πτωχούς
1313 1996 1402 2086 μὴ
1430 2005 1667 2085 φιλίαν
1696 1995 1867 2077 ὅλως
1888 2011 2126 2082 ποιεῖν,
2145 1996 2337 2084 μηδὲ

385 2264 548 2315 ABV.
600 2281 658 2313 eo
705 2266 864 2314 minus
907 2272 1071 2314 autem
1116 2280 1189 2313 αν
1237 2272 1315 2314 est
1358 2265 1644 2314 addendum
1691 2265 1809 2328 quia
1840 2263 2126 2343 scriptoris
2168 2268 2346 2311 menti

383 2333 510 2382 illud
531 2325 679 2397 μηδὲ
705 2330 879 2397 δίκην
905 2329 1163 2399 δικάσῃς,
1186 2329 1324 2397 πρὶν
1350 2320 1577 2395 ἀμφοῖν
1601 2328 1794 2395 μῦθον
1820 2342 2070 2394 ακουσῃς
2098 2326 2343 2393 (Berylci

385 2401 530 2453 Ροὲᾊι
558 2400 686 2465 Lyr.
706 2416 765 2468 p.
792 2398 926 2472 464)a
940 2400 1341 2450 obuersabatum
1381 2402 1468 2463 qui
1497 2414 1678 2449 uersus
1715 2400 1864 2448 etiam
1899 2397 2139 2462 Symeoni
2172 2396 2337 2447 Setlzi

386 2476 532 2519 notus
568 2475 683 2517 erat
828 2471 858 2519 3
897 2457 1200 2533 ερμήνευε]
1238 2467 1306 2547 cf.
1342 2468 1506 2530 4,18
1665 2467 1696 2515 6
1731 2462 1880 2519 καὶ.
1905 2468 1986 2519 .7
2024 2456 2338 2529 ἐκληρονό-

383 2548 575 2600 μησαν
611 2552 711 2586 non
746 2542 861 2585 sunt
895 2538 949 2585 in
984 2536 1040 2584 M
1187 2536 1218 2584 6
1255 2504 1637 2600 ἀγωνίζονται
1671 2541 1794 2598 puto
1831 2549 1942 2583 esse
1979 2534 2200 2581 intento
2244 2532 2334 2581 la-

386 2604 516 2654 bore
556 2604 663 2654 sibi
698 2608 927 2668 parant3
967 2602 1298 2666 adquirendi
1335 2604 1462 2652 enim
1505 2617 1606 2652 non
1648 2604 1805 2651 solum
1838 2599 2130 2650 laborandi
2162 2600 2336 2663 sique·-

379 2674 562 2750 ficatio
579 2671 673 2722 hoe
698 2674 807 2722 loco
832 2678 979 2750 apta
983 2678 1085 2720 est:
1125 2686 1285 2735 quare
1309 2661 1575 2734 περιττὸν
1598 2670 1811 2732 scripsi:
1837 2665 1971 2733 περὶ
1995 2660 2096 2719 τὸν
2115 2665 2211 2715 AB
2222 2668 2331 2717 VD

357 2794 372 2806 ‚
473 2730 591 2816 86]
614 2741 718 2789 noli
734 2741 929 2790 addere
948 2728 1051 2789 ὅδε
1074 2740 1143 2799 cf.
1168 2739 1249 2801 79,
1269 2739 1319 2789 6.
1346 2740 1459 2799 127,
1479 2740 1530 2787 6.
1639 2734 1938 2802 9βλαίψαι
1954 2736 2334 2800 suprascripto

385 2800 599 2872 βλέψαι
635 2806 682 2854 Α
822 2808 882 2854 11
921 2808 946 2856 Ι
983 2805 1253 2867 Thess.5,
1296 2808 1373 2855 15.
1411 2775 1678 2866 R’om.12‚
1721 2805 1800 2853 17.
1837 2804 1865 2853 Ι
1904 2804 2054 2853 Petr.
2081 2805 2130 2863 3,
2168 2803 2199 2850 9
2242 2818 2334 2852 se-

384 2875 596 2923 cundum
634 2874 794 2923 Pron.
830 2875 912 2933 20,
951 2876 1016 2923 22
1157 2875 1221 2923 13
1256 2874 1357 2923 Eu.
1381 2872 1581 2923 Matth.
1607 2875 1656 2936 7,
1697 2873 1776 2922 12.
1812 2871 1948 2920 Luc.
1973 2872 2020 2930 6,
2059 2872 2143 2921 31.
2178 2868 2334 2921 Tob.

383 2943 432 3001 4,
473 2942 536 2991 15
580 2945 643 2992 cl.
681 2941 841 2992 Prou.
877 2943 961 3005 24,
998 2943 1081 2994 29.
1126 2944 1181 2991 in
1214 2942 1440 3006 maryine
1473 2940 1646 2989 Assv·
1693 2937 1863 2990 τοῦτο
1910 2932 2062 2988 ἔοικε
2106 2933 2183 3005 τῷ
2224 2952 2333 2988 ευ-

384 3010 560 3128 {²1⁷5}
566 2980 1057 3148 ‘ffifflegnfssgmiss
1089 3007 1420 3155 ἱναᾶῗῗέἰῗί
1449 3005 1728 3126 §23222‘0332
1752 3011 1803 3125 ἐξ
1827 2987 2208 3151 εειέῑξέἴεζῖῗιέ
2244 3007 2335 3123 ξζῑ·

383 3151 501 3193 sunt
533 3146 725 3194 rectius
830 3145 892 3194 16
919 3137 1390 3196 δυναστευόντων
1412 3146 1627 3208 scripsi.
1668 3132 2130 3199 δυναστεύοντας
2155 3139 2331 3193 ABV.

385 3214 527 3292 quod
564 3228 665 3263 non
708 3214 824 3264 ideo
868 3214 1057 3262 mutaui
1100 3214 1238 3276 quod
1275 3213 1565 3276 putauerim
1608 3212 1739 3261 huno
1782 3211 2087 3274 scriptcrem
2126 3223 2331 3273 praep.

383 3275 527 3343 μετά
571 3296 677 3330 cum
721 3282 1014 3330 accusatiuo
1057 3294 1159 3328 non
1201 3281 1529 3329 coniunxisse
1567 3276 1840 3341 (12Ο,17)
1878 3284 1966 3327 aut
2010 3283 2334 3327 structuram

383 3364 484 3399 non
528 3350 602 3398 ila
645 3349 894 3398 inmutare
933 3349 1166 3411 potuisse
1209 3354 1262 3397 ut
1308 3363 1341 3396 a
1382 3347 1616 3410 ρεηειίιιο
1658 3348 1731 3396 ad
1772 3352 2110 3395 accusatiuum
2152 3351 2333 3394 trans·

381 3418 483 3466 iret
521 3416 744 3478 (7,17),
790 3415 885 3465 sed
928 3415 1046 3479 quia
1091 3410 1552 3473 δυναστεύοντας
1595 3430 1665 3465 ex
1709 3414 2031 3463 accusatiuuo
2076 3413 2331 3475 adposito

381 3477 518 3600 ἶοὺς
552 3498 816 3549 πτωχους
852 3498 1031 3533 errore
1068 3483 1271 3532 librarii
1304 3490 1470 3533 natum
1505 3482 1775 3533 uidebatur
1981 3482 2045 3530 17
2084 3476 2329 3545 φιλίαν]

417 3567 513 3600 ιαν
550 3552 597 3600 V
