2563 4087
1023 286 1273 353 Aesopus
1308 288 1335 337 1
1629 369 1638 386 ι
1714 264 1726 271 ”
2025 284 2152 350 293

205 445 346 510 τῶν
398 441 572 529 πρὸς
619 443 985 531 οἰκοδομὴν
1037 447 1450 531 ἐπιτηδείων.
1524 441 1561 513 ὁ
1614 442 1691 511 δε
1742 443 2148 532 Νεκτεναβω

204 545 372 625 τοὺς
423 548 675 624 παῖδας
722 545 1142 632 θεασάμενος
1193 552 1291 625 εἰς
1326 542 1503 625 ὕψος
1552 543 1691 614 υπὸ
1743 550 1881 613 τῶν
1935 544 2153 614 ἀετῶν

205 643 791 735 ἀναφερομένους,
844 653 1007 734 ἔφη·
1060 644 1328 733 ,,πόθεν
1381 650 1528 733 ἐμοὶ
1580 648 1823 735 πτηνοὶ
1872 645 2150 735 ἅνθρω-

206 773 319 816 ποι
338 747 405 831 ;“
455 749 572 817 καὶ
621 746 658 816 ὁ
698 758 1049 828 Αἴσωπος·
1108 747 1331 836 ,,ἀλλά
1368 750 1685 838 Λυκῆρος
1725 755 1870 835 ἔχει.
1946 748 2030 818 σύ
2074 748 2151 817 δὲ

204 851 430 929 θέλεις
466 848 834 938 ἅνθρωπος
871 845 967 918 ὧν
1007 852 1268 941 ἰσοθέῳ
1301 854 1533 938 ἐρίζειν
1568 849 1916 938 βασιλεῑίςς
1954 852 2070 918 καὶ
2109 849 2145 918 ὁ
2175 883 2200 922 5

209 951 619 1040 Νεκτεναβω
641 971 656 983 ·
699 961 1048 1038 ,,Αἶσωπε,
1083 950 1383 1039 ἥττημαι.
1460 951 1780 1041 ἐρήσομαι
1815 954 1896 1021 δέ
1927 973 2026 1038 σε,
2063 952 2149 1020 σύ

210 1056 293 1122 δέ
335 1079 449 1142 μοι
484 1051 912 1141 ἀπόκριναι.“
1000 1054 1117 1122 καὶ
1177 1062 1426 1141 φησίν·
1480 1060 1682 1140 ,’,ει’σι’
1724 1079 1836 1140 μοι
1882 1053 2151 1140 θήλειαι
2175 1077 2308 1120 xxx

210 1145 343 1224 ὦδε
396 1161 616 1242 ἵπποι,
666 1159 867 1243 αἴπερ
907 1153 1192 1224 ἐπειδὰν
1242 1154 1585 1223 ἀκούσωσι
1630 1159 1769 1222 τῶν
1808 1157 1881 1223 ἐν
1916 1161 2149 1242 Βαβυ-

209 1260 377 1326 λῶνι
427 1263 659 1327 ἵππων
696 1257 1231 1346 χρεμετιζόντων,
1269 1255 1488 1336 εὐθύς
1534 1255 2146 1343 σνλλαμβάνουσιν.

2185 1283 2350 1332 p.86b.

212 1369 283 1427 εἴ
312 1378 417 1428 σοι
452 1357 624 1447 πρὸς
658 1363 861 1428 τοῦτο
897 1359 1177 1448 πάρεστι
1220 1367 1457 1446 σοφία,
1499 1356 1884 1438 ἐπίδειξαι.“
1959 1359 2072 1426 καὶ
2113 1357 2149 1425 ὁ
2178 1386 2228 1424 ιο

209 1471 552 1540 Αἴσωπος“
576 1458 865 1548 ,,αὔριον
879 1459 1387 1547 ἀποκρινοῦμαί
1407 1480 1534 1547 σοι,
1555 1457 1902 1548 βασιλεῦ.“
1928 1456 2153 1528 ἐλθών
2242 1528 2249 1533 ,

207 1560 274 1631 δ’
316 1553 398 1630 οὗ
437 1562 786 1649 κατήγετο,
823 1569 1147 1648 αἴλουρον
1183 1577 1325 1641 τοῖς
1363 1563 1599 1630 παισὶν
1639 1563 1946 1630 ἐκέλευσε
1983 1569 2153 1630 συλ-

210 1670 471 1751 λαβεῖν,
522 1665 636 1732 καὶ
686 1665 1170 1752 συλληφθέντα
1215 1667 1510 1754 δημοσία
1548 1664 1986 1752 περιάγεσθαι
2019 1691 2152 1751 μα*

206 1767 610 1853 στιζόμενον.
711 1770 783 1833 οἶ
839 1765 914 1834 δὲ
978 1765 1347 1852 Αἰγύπτιοι
1407 1765 1483 1835 τὸ
1543 1772 1718 1857 ζῷον
1779 1762 2152 1853 σεβόμενοι,

208 1865 391 1936 οὕτω
438 1869 661 1946 κακῶς
698 1866 960 1954 πάσχον
1011 1866 1178 1935 αὐτὸ
1216 1866 1649 1954 θεασάμενοι,
1700 1868 2151 1954 συνέδραμον,

205 1970 325 2036 καὶ
386 1968 508 2036 τὸν
571 1958 898 2057 αἴλουρον
972 1971 1089 2054 τῆς
1152 1969 1369 2056 χειρὸς
1443 1971 1580 2037 τῶν
1641 1967 2154 2056 μαστιγούντων

93 2148 101 2156 ,
208 2071 691 2158 ἐκσπάσαντες,
752 2070 1290 2158 ἀναγγέλλουσιν
1343 2069 1437 2150 ὥς
1487 2072 1690 2157 τάχος
1753 2071 1846 2161 τζό
1894 2077 2158 2158 βασιλεῖ

203 2169 287 2241 τὸ
325 2172 564 2253 πάθος.
631 2169 666 2242 ὃ
705 2172 780 2241 δὲ
817 2173 1105 2252 καλέσας
1142 2173 1283 2239 ‘cdv‘
1305 2182 1661 2260 Αἴσωπον,
1701 2171 1877 2260 ,,οὐκ
1914 2169 2148 2260 ᾔδειςίί

348 2372 378 2419 1
415 2363 729 2449 ἑπιτηὸίων
766 2372 809 2421 Ρ
833 2370 874 2419 Ζ
900 2370 951 2420 Κ
1121 2372 1153 2419 ⁶2.
1199 2369 1423 2450 παῖδας
1459 2369 1557 2422 dm.
1593 2369 1635 2419 Ζ
1676 2367 1895 2427 παίδας
1934 2369 1979 2430 Ω

207 2426 396 2511 elev.-
429 2427 629 2490 ὁπότ.
670 2432 723 2492 ἀ.
765 2429 854 2489 ἀν.
889 2437 1081 2494 Abis:
1123 2433 1324 2490 ὐπότ.
1363 2428 1420 2488 α’.
1463 2428 1634 2497 εἰςυ.
1676 2428 1768 2488 ἀν.
1807 2436 1982 2486 KZv

95 2527 109 2542 ·
203 2510 240 2556 3
278 2494 793 2569 ἀναφερουμένους
829 2508 873 2556 Ρ
1048 2496 1200 2571 ἐμοὶ]
1240 2522 1339 2571 μοι
1378 2505 1450 2567 Φ;
1495 2513 1603 2555 tres
1637 2507 1800 2554 lineae
1837 2519 1970 2570 quae
2003 2512 2151 2555 ante-

204 2575 396 2623 cedunt
417 2573 496 2622 bis
517 2575 746 2638 scriptae
782 2576 983 2637 punctis
1019 2575 1217 2624 deletae
1253 2581 1372 2623 sunt
1473 2575 1506 2622 4
1539 2569 1860 2638 λυκοῦργος
1900 2587 1933 2619 a
1969 2572 2036 2631 of.
2060 2572 2147 2625 W

361 2642 395 2690 6
430 2655 648 2691 νεκτεν.
684 2642 811 2703 fecit
848 2658 917 2692 ex
949 2656 1177 2691 νεκταν.
1220 2642 1267 2690 R
1304 2657 1371 2691 m.
1397 2653 1507 2704 pr.;
1548 2636 1915 2716 ναικτεναβῶ
1953 2637 1997 2686 Ρ

207 2700 333 2772 ἥττ.
373 2707 420 2755 Β
561 2702 630 2757 δέ
667 2706 751 2772 σε]
792 2723 853 2760 σε
891 2710 938 2761 Φ
1054 2711 1083 2757 7
1120 2705 1186 2759 δέ
1224 2705 1346 2788 μοι]
1388 2656 1456 2759 δέ
1491 2721 1563 2772 με
1600 2706 1647 2758 Φ
1786 2697 2066 2786 ἄπόκρινε
2103 2706 2150 2755 Ε

348 2771 494 2840 φησὶ
529 2775 575 2824 Ε
750 2778 782 2827 8
820 2794 862 2827 ω
899 2776 964 2828 δε
1002 2775 1071 2836 R3
1111 2779 1159 2825 in
1182 2776 1243 2854 Q
1283 2762 1397 2826 ωδε
1431 2776 1646 2838 factum
1652 2787 1729 2826 tx
1765 2759 1906 2833 ωὸες
1943 2760 2059 2841 ᾦὸε
2096 2774 2155 2823 Μ

347 2837 550 2893 οἷπποι
589 2840 761 2910 αιπερ
799 2836 1011 2896 ἐπιὸἅν
1048 2835 1277 2894 ἀκούσω
1314 2858 1403 2893 σοι
1440 2841 1541 2894 τόν
1579 2834 1623 2896 ἐ.
1702 2879 1714 2892 .
1755 2839 1936 2892 ιππον
1973 2842 2015 2890 Ρ

205 2912 238 2960 9
279 2904 739 2992 χρεμετιζόντων
761 2927 854 2961 om.
894 2912 941 2963 Φ
1115 2908 1620 2976 συλλαμβανοῦσιν
1850 2912 1911 2959 10
1948 2906 2008 2960 εἶ’
2036 2905 2148 2969 σοι]

207 2971 326 3027 οἷσι
373 2959 422 3026 Ρ
588 2973 897 3041 παρέστισο
953 2978 1001 3028 A
1173 2978 1385 3043 σοφίας
1431 2979 1503 3040 Ω.
1561 2984 1733 3029 nescio
1790 2995 1856 3026 an
1909 2977 2154 3027 lae‘brarius

205 3036 457 3108 πάρεστί
489 3062 543 3095 τι
576 3048 822 3111 scriptum
857 3063 968 3097 esse
993 3051 1288 3130 putauerit?
1346 3049 1421 3096 11
1463 3063 1573 3125 αυρ
1578 3061 1669 3096 ιον
1702 3053 1824 3126 post
1860 3058 1947 3095 σοι
1982 3048 2153 3095 conlo·

206 3112 598 3189 eaneKZv,
650 3112 835 3164 om.D
1010 3108 1184 3164 128⁹
1223 3064 1689 3191 ου]δὀυνΑ,
1743 3104 1804 3163 δ’
1852 3114 1974 3163 add.
2021 3113 2149 3174 A23

209 3166 320 3230 δοῦ
360 3180 402 3228 P
442 3173 505 3229 δ’
540 3173 608 3232 οὖ
644 3180 700 3231 Η
846 3179 1118 3233 αἵλουλον
1155 3182 1203 3231 V
1265 3213 1270 3220 -
1356 3184 1417 3233 13
1456 3152 1708 3250 δημόσια
1742 3179 1793 3231 V
1929 3178 2156 3244 μαστιζ.

206 3262 437 3312 περιαγ.
435 3247 519 3309 ‘Q
695 3250 758 3298 14
802 3243 861 3300 οἵ
893 3240 953 3299 δ’
996 3250 1041 3311 Ω
1215 3243 1306 3312 τό]
1346 3247 1423 3299 τῶ
1461 3249 1504 3298 Ρ
1678 3242 1981 3312 σευόμενοι
2016 3247 2068 3297 V
2092 3262 2150 3309 εις

208 3361 513 3443 σευόμενοι
560 3366 612 3416 Κ
668 3364 813 3429 σεβ.,
869 3368 966 3418 sed
1011 3365 1073 3432 εβ
1119 3368 1169 3416 in
1213 3383 1407 3417 rasura
1448 3366 1517 3429 Z;
1578 3380 1886 3432 τιμωμενοι
1934 3365 1981 3416 Φ

211 3435 276 3484 15
314 3448 496 3493 ουτως
535 3435 581 3496 Ω
729 3429 963 3514 πάσχων
998 3434 1041 3483 Ρ
1121 3463 1132 3474 =
1195 3436 1256 3483 16
1295 3432 1410 3484 τῶν
1448 3433 1653 3499 αἴλουρ
1657 3450 1734 3483 ων
1774 3433 1815 3481 Ρ
1954 3445 2154 3496 uacu-

209 3497 428 3568 γέντων
461 3502 506 3551 Ρ
682 3504 745 3551 17
780 3493 1199 3569 ἀναγγέλουσιν
1234 3501 1285 3551 V
1308 3502 1359 3552 D
1383 3502 1429 3552 Ε
1456 3499 1511 3551 Η
1683 3493 1904 3566 ὡςοὶχος
1943 3501 1984 3550 P

211 3619 277 3670 18
314 3584 422 3671 οὐκ
422 3621 472 3670 D
615 3617 791 3680 εἴδεις
827 3621 873 3683 Ω

2181 1890 2231 1931 15
