2563 4087
1060 245 1314 309 Aesopus
1350 245 1379 294 I
2061 240 2190 305 265

246 409 492 491 ἔδεσμα
555 401 792 490 ἄριστα
844 405 1082 490 ἕψηται
1131 403 1246 470 καὶ
1298 400 1581 480 ούδενός
1629 397 1817 492 αύτῷ
1867 406 1975 469 δεῖ
2018 398 2187 488 πρός

242 505 319 572 τὸ
355 507 583 583 καλῶς
624 510 825 590 ἔχειν·
872 511 939 573 εἰ
970 503 1047 572 δὲ
1080 505 1195 571 καὶ
1234 507 1395 589 δίχα
1431 501 1835 591 προφάσεως
1870 501 2188 589 βούλεται

240 607 369 674 τὸν
433 604 651 674 αὑτοῦ
715 608 973 674 δοῦλον
1034 607 1411 692 μαστιγοῦν
1461 603 1497 671 ὁ
1555 603 2055 690 οἰκοδεσπότης,
2115 609 2191 671 τί

243 706 414 795 πρὸς
468 704 668 793 ἐμέ“;
733 711 857 775 τοῦ
906 705 982 775 δὲ
1029 705 1312 785 Ξάνθου
1378 703 1834 791 οἷσχοῖλλοντος
1892 706 2009 772 καὶ
2058 701 2184 789 οὐχ

240 807 460 896 ἡδέως
489 809 941 895 διακειμένου,
979 809 1122 877 ἐπεὶ
1148 806 1363 897 μηδὲν
1391 804 1427 875 ὁ
1456 805 1646 884 ξένος
1679 805 2184 895 περιειργάζετο,
2209 832 2236 873 5

238 911 431 988 τέλος
493 911 909 988 πλακοῦντες
965 907 1372 995 ἠνέχθησαν.
1457 905 1493 975 ὁ
1543 906 1621 976 δὲ
1675 908 1888 994 ξένος,
1937 904 2054 975 ἅτε
2102 906 2183 994 δὴ

240 1011 905 1098 μήπω“πλακοῦντος
952 1009 1393 1097 γευσάμενος,
1445 1008 1767 1096 σωρεύων
1802 1009 1916 1077 καὶ
1955 1027 2180 1077 συνει-

241 1114 385 1180 λῶν
423 1109 681 1190 αὐτοῦς
719 1108 812 1191 ὥς
849 1111 1130 1198 ψωμούς
1168 1108 1382 1196 ἤσθιε.
1457 1112 1579 1178 τοῦ
1631 1109 1705 1178 δὲ
1742 1109 2023 1188 Ξάνθου
2061 1109 2185 1177 τὸν

241 1212 610 1301 ἀρτοποιὸν
662 1214 1141 1300 αἰτιασαμένου
1190 1214 1306 1281 καὶ
1360 1220 1478 1300 „vc
1512 1211 1816 1298 δήποτε,
1867 1200 1919 1277 ὦ
1971 1209 2183 1278 κατοί-

243 1313 479 1402 ρατε“,
542 1315 853 1401 φαμένου
919 1315 1093 1401 ,,καὶ
1147 1311 1412 1400 μέλιτος
1467 1317 1626 1398 δίχα
1676 1313 1794 1380 καὶ
1846 1312 2184 1398 πεπέρεως
2210 1340 2278 1383 10.

243 1415 409 1494 τοῦς
447 1420 879 1494 πλακοῦντας
918 1413 1363 1496 ἐσκεύασας“;
1404 1416 1660 1493 ἐκεῖνος
1701 1419 1858 1500 ἔφη·
1914 1419 2028 1500 ,,ει’
2058 1411 2184 1499 μὲν

246 1515 428 1603 ὠμός
470 1519 674 1602 ἐστιν,
713 1506 764 1583 ὦ
792 1517 1111 1602 δέσποτα,
1146 1513 1183 1583 ὁ
1223 1509 1554 1601 πλακοῦς,
1593 1514 1708 1602 ἐμὲ
1737 1513 1978 1601 τύπτε,
2016 1520 2081 1582 εἰ
2113 1511 2177 1581 δ’

243 1616 372 1704 οὐχ
411 1616 503 1697 ὥς
542 1621 677 1686 ἔδει
715 1616 1133 1704 ἐσκεύασται,
1168 1616 1259 1704 μὴ
1302 1615 1416 1703 ἐμὲ
1452 1615 1623 1684 ἀλλὰ
1661 1613 1786 1702 τὴν
1820 1617 2186 1684 δέσποιναν

243 1718 508 1788 αἰτιῶ.“
606 1720 720 1786 καὶ
773 1716 809 1785 ὁ
863 1718 1165 1797 Ξάνθος·
1233 1725 1345 1805 ,,εἰ
1389 1717 1559 1804 πρὸς
1605 1722 1723 1805 τῆς
1777 1710 1936 1803 ἐμῆς
1982 1719 2185 1785 τοῦτο

241 1822 483 1906 γέγονε
519 1819 870 1906 γυναικός,
912 1823 1131 1902 ζῶσαν
1169 1818 1388 1905 αὐτὴν
1424 1816 1672 1907 ἀρτίως
1707 1814 2182 1886 κατακαύσω.“
2212 1843 2260 1884 15

241 1923 357 1989 καὶ
411 1919 616 1988 πάλιν
663 1923 748 2010 τῇ
798 1922 1072 2006 γυναικὶ
1126 1921 1309 1989 νεύει
1354 1917 1542 2010 αύτῷ
1594 1921 2185 2006 συνυποκριθῆναι

242 2020 333 2093 δι’
378 2031 722 2092 Αἴσωπον.
796 2021 1119 2102 κελεύσας
1168 2012 1296 2090 οὖν
1344 2025 1760 2108 κληματίδας
1811 2026 1908 2098 εἰς
1942 2018 2018 2087 τό
2057 2019 2180 2106 μέ·
2215 2045 2380 2097 p.52b.

243 2146 366 2193 σον
429 2117 749 2212 ἀχθῆναὶ,
824 2122 1055 2214 πυρὰν
1117 2122 1358 2209 ἀνῆψε.
1454 2123 1569 2189 καὶ
1632 2120 2004 2209 λαβόμενος
2064 2123 2183 2207 τῆς

143 2251 154 2262 ’
241 2225 594 2313 γυναικός,
658 2223 865 2312 ἐγγύς
927 2228 1044 2312 τῆς
1093 2226 1319 2314 πυρᾶς
1354 2222 1589 2311 ἤγαγε,
1651 2222 2185 2311 προσδοκήσιμος

241 2323 339 2395 &v
396 2324 616 2414 αὐτὴν
665 2334 767 2407 εἰς
809 2328 885 2394 τὸ
939 2330 1081 2416 πῦρ
1134 2330 1511 2413 ἐπαφεῖναι.
1586 2324 1868 2413 διέτριβε
1918 2326 1999 2393 δέ
2041 2349 2259 2402 πωςεο

323 2503 332 2510 .
383 2459 409 2505 1
452 2447 685 2519 ἄριστον
723 2458 767 2505 Ρ
898 2452 1109 2522 ἕψηται
1146 2456 1191 2518 Ω
1218 2457 1271 2505 H
1398 2457 1430 2504 2
1468 2449 1540 2520 εἰ]
1577 2445 1608 2504 ὁ
1648 2454 1694 2516 Ω
1823 2457 1854 2505 3
1891 2444 2100 2504 ἑαυτοῦ
2136 2452 2183 2501 Α

241 2515 460 2575 έοέυτοῦ
498 2523 542 2572 Ρ
579 2514 761 2575 αὐτοῦ
795 2523 855 2573 Μ
878 2524 923 2587 Ω
948 2527 999 2575 D
1024 2526 1072 2575 Β
1096 2525 1143 2574 Ε
1169 2524 1225 2573 H
1248 2523 1302 2572 K
1324 2523 1364 2574 Z
1389 2538 1426 2570 v
1576 2512 1606 2573 ὁ
1645 2517 1754 2573 οἰκ.
1793 2537 1962 2585 μαστ.
2002 2519 2049 2570 Φ

234 2645 269 2693 4
307 2636 412 2692 τοῦ
453 2639 500 2703 ξ.
540 2634 607 2691 δὲ
647 2641 694 2691 Φ
835 2631 1189 2707 ἄσχοῖλοντος
1225 2642 1273 2692 V
1300 2642 1350 2691 D
1376 2639 1423 2688 E
1449 2640 1504 2689 Η
1540 2587 1890 2703 ἄσχάλοντος
1925 2637 1971 2699 Ω
2010 2654 2079 2686 m.
2104 2652 2184 2701 pr.

239 2724 561 2826 ἆσχᾶλῧῖτος
598 2758 647 2808 Β
683 2776 751 2809 m.
777 2776 856 2824 pr.
996 2748 1114 2825 οὐχ’
1155 2758 1202 2807 Ε
1227 2757 1284 2807 Η
1319 2751 1507 2823 οῦχως
1547 2752 1744 2815 εἰδέως
1779 2756 1824 2805 Ρ
1864 2750 1972 2806 εἰδ.
2007 2770 2075 2805 m.
2100 2769 2181 2819 pr.

236 2831 289 2877 in
325 2842 436 2877 ras·
574 2829 605 2877 5
641 2820 830 2892 μὴδὲν
865 2829 921 2878 Η
1058 2818 1461 2891 περιεργάζετο
1497 2826 1545 2875 A
1615 2861 1623 2868 -
1672 2828 1703 2875 6
1740 2826 1770 2875 7
1804 2820 2184 2888 πλακοῦντες]

237 2912 272 2945 κ
308 2896 357 2944 Α
381 2897 413 2944 2
451 2894 540 2944 bis·
558 2895 689 2957 fecit
723 2910 793 2946 ex
829 2910 863 2943 ν
1010 2883 1108 2945 ὅτε
1144 2894 1179 2943 b
1218 2896 1349 2945 1530
1488 2895 1518 2944 ⁷
1557 2886 1797 2958 μηδέπω
1832 2892 1877 2941 Ρ
2019 2905 2184 2942 συνε-

237 2954 351 3013 λών
388 2962 439 3011 Β
611 2963 643 3011 8
681 2956 755 3021 ὡς
790 2954 1028 3026 ψωμοῦς
1066 2963 1119 3011 in
1152 2978 1312 3027 mar-9.
1349 2963 1475 3011 add.
1513 2961 1562 3011 V
1602 2976 1670 3010 m.
1736 2976 1776 3010 r.
1950 2962 1981 3009 9
2019 2949 2186 3022 ἀρτο·

236 3028 422 3081 ποιῶν
459 3029 505 3077 Ρ
633 3025 1027 3094 αἰτησαμένου
1061 3028 1112 3077 V
1150 3023 1527 3094 αἰτισαμένου
1565 3027 1614 3076 A
1653 2976 2106 3091 αἵτιασαμένους
2139 3026 2183 3076 Ρ

242 3090 626 3161 αἰκισαμένου
660 3097 711 3146 D
855 3096 920 3148 τί
948 3112 1041 3147 om.
1080 3096 1120 3144 Z
1281 3097 1341 3145 11
1382 3089 1516 3162 ἔφη]
1553 3100 1629 3145 sie
1664 3086 1813 3152 libri}e
1844 3096 2022 3161 differt
2054 3108 2184 3158 pars

239 3166 589 3241 eaeemplorugn
623 3166 704 3220 ed.
743 3165 866 3215 Ald.
1042 3166 1104 3212 12
1153 3157 1220 3213 δὲ
1268 3152 1376 3228 οὐχ
1413 3163 1462 3213 Β
1509 3153 1565 3213 δ’
1606 3155 1796 3230 ὁυχως
1830 3163 1875 3213 P
1925 3161 2106 3227 (supra
2140 3175 2183 3209 ω
2257 3198 2263 3205 .

235 3231 450 3307 rasurq)
489 3228 527 3281 δ
590 3222 719 3296 οὐχ’
755 3224 830 3291 (ὃς
867 3230 914 3293 Ω
1037 3232 1101 3280 14
1136 3221 1247 3297 πρὸ
1289 3230 1339 3280 Β
1461 3232 1524 3281 15
1560 3225 1804 3295 γυνεκός
1838 3230 1886 3279 A
1933 3286 1947 3306 Ι
2008 3243 2186 3279 κατα-

238 3312 501 3352 σκευασω
535 3313 569 3347 a
615 3298 740 3366 (sed
781 3302 835 3350 in
877 3300 1128 3350 nonnullis
1174 3299 1424 3362 exemplis
1468 3306 1646 3348 exstat
1679 3292 2047 3358 κατακαυσω)

241 3368 303 3416 16
342 3355 506 3417 mh&
539 3366 661 3415 libri
819 3380 1146 3429 συνειποκρ.
1182 3366 1228 3415 Ρ
1387 3368 1449 3418 17
1488 3357 1595 3444 aa]
1624 3359 1686 3416 δ’
1721 3366 1762 3414 Ζ
1902 3358 1986 3421 εἰς
2021 3355 2084 3412 τὸ
2123 3376 2180 3424 μ.

237 3434 406 3512 ’32⁷1st-
445 3418 591 3497 οἰχθ.
626 3433 671 3495 Ω
847 3436 911 3484 18
956 3430 1073 3497 πῦρ
1111 3434 1159 3483 Β
1184 3434 1229 3495 Q
1256 3432 1308 3482 D
1481 3424 1712 3497 ἄνηψαι
1745 3433 1795 3482 V
1969 3431 2031 3479 19
2063 3435 2183 3492 post

236 3516 422 3566 ηγαγε
448 3515 605 3551 erasa
628 3505 658 3551 I.
696 3517 729 3551 ν
770 3501 816 3563 Ω
938 3498 1178 3565 προδοκ.
1215 3501 1262 3550 Α
1290 3503 1339 3553 1.
1378 3515 1410 3551 σ
1445 3502 1566 3552 add.
1602 3501 1650 3549 A
1674 3501 1704 3549 2
1741 3495 2184 3565 προσδοκίσιμος

237 3568 274 3617 b
312 3571 447 3619 1530
586 3570 652 3618 20
690 3560 989 3635 ἕπαφῆναι
1027 3568 1091 3631 V,
1131 3567 1182 3616 D
1211 3573 1259 3633 1,
1299 3584 1434 3618 corr.
1471 3568 1522 3616 D
1551 3571 1582 3617 2
