2563 4087
440 252 523 317 64
1104 322 1109 327 ἢ
1357 252 1451 304 v1.

440 394 563 483 τὴν
602 398 916 483 ἐμβαλεῖν
950 397 1033 481 τῇ
1073 399 1366 484 καμίνῳ,
1392 388 1493 460 ότι
1526 387 1893 475 υποίπτευε
1924 394 2007 480 τῇ
2051 391 2382 480 ἐπαύριον

440 494 479 566 ὃ
514 497 738 583 μέλλει
773 502 1139 564 πείσεσθαι.
1213 495 1330 562 καὶ
1381 493 1737 580 ἐπειδήπερ
1783 490 1825 580 ἡ
1867 492 2118 580 ἑβδόμη
2165 483 2381 579 ἦλθεν

440 598 694 687 ἡμέρα,
733 598 805 665 ἐν
841 586 886 684 ᾗ
925 593 962 664 6
1000 611 1161 675 παῖς
1196 600 1481 682 λαλῆσαι
1526 597 1618 687 τῷ
1653 601 1921 684 βασιλεῖ
1965 600 2230 683 ἔμελλε,
2269 593 2380 663 διὰ

442 703 646 768 τοῦτο
678 697 721 785 ἡ
759 696 936 784 γυνὴ
974 695 1336 783 ἠγωνίζετο
1386 698 1501 765 καὶ
1551 703 1834 775 πολλαῖς
1868 704 2222 785 μερίιιναις
2257 694 2383 782 τὴν

392 828 417 867 5
444 806 735 887 καρδίαν
774 799 1121 887 ἐβαλλετο·
1164 800 1489 884 ἐγίνωσκε
1525 824 1656 885 γαρ
1693 795 1985 885 ακριβῶς
2019 795 2060 884 ἡ
2100 797 2382 922 παμπό-

442 928 645 991 νηρος
682 898 781 969 ότι
821 899 1022 969 ὁπότε
1057 899 1093 968 6
1132 915 1293 978 παῖς
1329 899 1598 987 λαλήσει
1630 901 1725 991 τῷ
1761 896 2125 987 πατρί,οὕ
2163 899 2382 985 μόνον

447 1002 779 1090 ἐντροπὴν
815 1002 992 1091 λαβη
1015 1054 1034 1089 ‚
1069 1001 1242 1070 ἀλλὰ
1278 1003 1394 1069 καὶ
1430 1001 1713 1091 θανάτῳ
1760 1003 1943 1092 κακῷ
1979 999 2384 1089 παραδοθή-

444 1126 626 1173 σεται
685 1104 793 1173 διὰ
854 1103 1016 1183 τούς
1080 1103 1330 1190 λόγους
1393 1099 1515 1181 οὓς
1568 1100 1714 1170 εἶπε
1766 1101 1931 1189 πρὸς
1991 1101 2113 1170 τὸν
2168 1106 2383 1171 παῖδα

445 1204 773 1293 αἰσχύνης
809 1207 1139 1292 γέμοντας
1173 1206 1289 1272 καὶ
1330 1204 1706 1291 ἐπιβουλῆς.
1774 1206 1897 1271 τοῦ
1935 1206 2111 1288 γοῦν
2147 1203 2382 1296 τοιού-

369 1334 417 1374 10
443 1335 565 1376 του
614 1307 1008 1394 παραδόξου
1056 1309 1174 1393 τῆς
1223 1304 1548 1391 γυναικὸς
1600 1302 1862 1392 [κακοῦ]
1913 1304 2382 1392 βουλεύματος

249 1435 422 1484 p.82}3.
450 1415 546 1489 εἰς
599 1406 816 1477 πολλοὶ
869 1407 1036 1496 μέρη
1097 1410 1218 1475 τοῦ
1274 1406 1572 1494 κάστρου
1629 1406 1996 1494 λεγομένου
2059 1408 2174 1474 καὶ
2240 1404 2379 1474 find

448 1513 722 1578 πολλῶν
759 1508 1150 1596 ἀνθρώπων
1186 1509 1575 1597 βοωμένου,
1624 1506 2084 1594 φθάνείποτὲ
2129 1508 2249 1574 καὶ
2274 1514 2384 1585 εἰς

445 1637 566 1690 τας
601 1615 722 1685 τοῦ
758 1610 1087 1697 βασιλέως
1122 1606 1362 1688 ακοοὲς·
1424 1610 1539 1677 καὶ
1577 1608 1927 1698 συντόμως
1964 1607 2383 1697 διαμηνύσας

448 1711 572 1800 τὴν
609 1727 940 1797 γυναῖκα,
979 1711 1145 1798 φησὶ
1184 1710 1356 1799 πρὸς
1392 1709 1640 1798 αὐτήν·
1694 1710 1850 1797 ,,δια
1902 1716 2107 1778 ποίαν
2156 1736 2383 1797 αφορ-

372 1840 421 1879 15
446 1813 606 1900 μήν,
643 1840 696 1881 ω
731 1811 969 1899 γύναι,
1005 1817 1398 1901 παραδίδεις
1436 1812 1729 1899 σεαυτὴν
1765 1813 1860 1903 τῷ
1898 1818 2105 1901 πυρί;
2088 1811 2155 1857 ·“
2228 1808 2275 1898 ἢ
2311 1809 2386 1911 δε

445 1913 633 1983 εἶπεν
670 1911 773 1982 ότι
814 1913 994 2001 ,,ούκ
1029 1911 1328 2001 ήκουσοές
1362 1940 1534 2000 μου,
1586 1912 1677 2001 μὴ
1731 1879 2080 1999 ἐκδικήσας
2126 1939 2207 2000 με
2247 1904 2381 1982 ἄπό

444 2043 566 2086 του
538 2015 828 2096 παιδός
848 2036 999 2105 σου,
1024 2016 1137 2084 καὶ
1160 2013 1286 2085 οὐκ
1309 2013 1682 2102 ἐφόνευσας
1710 2012 1924 2085 αὐτὸν
1954 2011 2044 2095 ὦς
2069 2013 2383 2103 ,ἔπρεπεὲς

586 2232 613 2278 1
652 2222 945 2281 υπόπτευε
980 2229 1202 2279 ABVD:
1239 2220 1543 2281 ὑπώπτευε
1577 2228 1918 2279 Boissonade
2032 2231 2063 2279 2
2100 2246 2131 2279 ο
2169 2224 2383 2306 μέλλει]

442 2301 581 2347 inter
624 2298 751 2347 haec
793 2297 1042 2348 uocabula
1086 2300 1331 2374 quaedam
1375 2298 1614 2347 uidentur
1660 2298 1935 2348 excidisse.
2000 2287 2284 2374 ὑφωρᾶτο
2320 2294 2384 2374 τῇ

448 2360 636 2416 εωθεν
672 2358 742 2415 οὗ
778 2362 1020 2430 μετρίαν
1056 2357 1204 2430 αὐτῇ
1242 2357 1672 2416 ἐπισπάσεσθαι
1708 2356 1816 2429 τὴν
1842 2354 2127 2430 αἰσχύνην
2149 2360 2253 2414 καὶ
2283 2356 2386 2415 τόν

445 2423 795 2515 κατάγελων.
822 2432 895 2484 Μ.
922 2450 972 2481 u.
986 2432 1035 2481 D
1141 2429 1242 2483 καὶ
1268 2424 1604 2497 ἐπειδήπερ]
1635 2434 1979 2496 antecessitp.
2000 2435 2084 2494 63,
2105 2433 2171 2482 25
2196 2448 2385 2498 ωρμη·

447 2514 544 2550 σεν
581 2516 798 2565 εαυτην
834 2491 1130 2565 ἐμβαλεῖνε
1171 2502 1348 2565 quidni
1376 2500 1539 2562 fecit?
1574 2502 1699 2550 mire
1734 2500 1846 2550 hiat
1880 2500 2116 2550 narratio
2153 2502 2205 2548 in
2242 2506 2384 2550 utra-

447 2584 540 2633 que
576 2570 898 2618 recensione:
935 2584 1048 2617 nam
1082 2568 1355 2632 oportebat
1389 2567 1592 2630 referri
1625 2583 1734 2617 eam
1763 2567 2073 2632 prohibitam
2109 2581 2221 2617 esse
2261 2576 2314 2617 et
2355 2582 2385 2615 a

448 2650 544 2701 quo
580 2638 784 2686 tandem
815 2636 1077 2697 prohibita
1109 2637 1192 2687 sit.
1243 2636 1442 2685 accedit
1479 2636 1615 2700 quod
1647 2650 1777 2700 quae
1814 2637 1932 2685 inde
1967 2651 2000 2684 a
2036 2635 2119 2695 63,
2161 2636 2225 2683 12
2266 2650 2384 2684 nar·

447 2711 566 2753 rata
599 2710 717 2753 sunt
751 2703 831 2752 llic
865 2710 1184 2767 repetuntur.
1252 2705 1449 2767 culpam
1486 2709 1648 2751 autem
1684 2705 1737 2752 in
1785 2717 1892 2752 eum
1935 2703 2265 2762 referendam
2314 2704 2385 2751 ui·

449 2772 565 2820 deri
599 2772 686 2836 qui
715 2771 940 2833 priorem
974 2772 1318 2820 recensionem
1353 2784 1423 2819 ex
1459 2785 1560 2834 qua
1594 2776 1829 2835 utraque,
1867 2777 1918 2819 et
1953 2769 2200 2819 Parisino
2228 2768 2385 2832 (Vin-

446 2837 771 2897 dobonensis)
790 2844 840 2886 et
857 2837 1185 2888 Monacensis
1208 2839 1446 2887 derivata
1465 2845 1543 2887 est
1561 2839 1882 2887 concinnauit
1900 2839 2018 2888 dioei
2036 2838 2174 2901 adp.
2194 2838 2282 2897 82,
2308 2838 2384 2887 11.

445 2905 517 2967 cf.
556 2905 605 2954 D
744 2907 775 2954 3
810 2895 998 2969 ἡμέρα
1020 2904 1206 2955 VMD:
1244 2921 1337 2955 om.
1366 2903 1505 2967 (AB)
1533 2904 1714 2956 Boiss.
1748 2906 2040 2955 uocabulum
2075 2921 2176 2955 non
2213 2918 2386 2954 neces-

444 2974 635 3022 sarium
669 2974 862 3022 retinui
894 2974 1013 3037 quia
1038 2988 1107 3022 eoe
1131 2972 1485 3021 Boissonadii
1516 2974 1718 3022 silentio
1742 2979 1934 3022 tantum
1957 2973 2193 3022 concludi
2213 2977 2388 3036 potest

446 3042 497 3089 in
534 3038 580 3087 A
616 3045 667 3088 et
704 3039 749 3087 B
787 3041 964 3089 deesse
1101 3043 1134 3088 4
1169 3029 1500 3115 ἠγωνίζετο]
1538 3039 1607 3102 cf.
1646 3041 1847 3102 57,10
1999 3042 2032 3090 5
2064 3032 2301 3105 ἒβοὶλετο
2342 3036 2385 3086 V

589 3109 618 3156 7
660 3097 876 3185 λα’βῃί.
903 3123 946 3156 e.
986 3101 1234 3171 λήψεται
1338 3122 1496 3184 κακῳ
1534 3107 1610 3155 V:
1649 3123 1740 3159 om.
1780 3105 1918 3172 (AB)
1956 3106 2301 3158 Boissonade

451 3176 514 3225 10
549 3172 733 3225 κακοῦ
767 3177 982 3232 seclusi,-
1027 3191 1072 3229 τ.
1119 3191 1168 3249 γ.
1205 3158 1474 3225 τοιούτού
1523 3166 1703 3240 αὐτῆς
1740 3172 1993 3251 χαλεποῦ
2031 3172 2080 3240 β.
2116 3173 2205 3237 M3
2251 3192 2303 3229 u.
2338 3174 2385 3224 D

587 3243 646 3290 11
685 3238 784 3292 καὶ
820 3233 933 3292 ὑπὸ
971 3237 1198 3292 πολλῶν
1234 3233 1563 3305 ανθρώπων
1601 3237 1897 3322 βοωμένου
1934 3260 2025 3294 om.
2063 3241 2179 3307 VB,
2219 3243 2272 3291 D

452 3311 514 3360 13
552 3303 939 3375 διαμηνύσας]
976 3312 1010 3359 i.
1039 3325 1083 3360 e.
1123 3323 1445 3374 arcessenS,
1478 3305 2028 3376 μεταπεμψάμενος,
2065 3326 2164 3375 qua
2197 3311 2387 3374 siqnifi-

448 3378 649 3428 catione
675 3380 824 3427 etiam
860 3368 1119 3428 κελεύειν
1154 3378 1381 3442 scriptor
1416 3378 1671 3435 adhibui&
1717 3381 1857 3441 zc.7,
1899 3380 1961 3428 18
2110 3379 2172 3427 14
2209 3377 2388 3427 ποίαν

446 3497 482 3545 i.
509 3511 553 3545 e.
591 3494 726 3545 τίνα
891 3497 952 3545 15
988 3494 1335 3563 παραδίδεις
1373 3498 1566 3547 dieunt
1578 3499 1896 3547 recentiores
2068 3498 2130 3546 17
2169 3459 2311 3562 ἔπρε
2342 3495 2390 3545 V

449 3557 696 3626 ἔπρεπεν
735 3562 870 3629 (AB)
907 3564 1085 3614 Boiss.
