2563 4087
1039 251 1287 317 Aesopus
1321 250 1351 300 1
2039 251 2172 316 249

217 408 439 497 μηδὲν
502 411 733 497 ἕτερον
796 407 1178 495 συννοήσας
1227 411 1471 496 εἰπεῖν,
1530 413 1612 498 τῇ
1663 418 1824 501 θείᾳ
1875 409 2166 502 προνοίᾳ

219 511 338 579 καὶ
386 512 594 578 τοῦτο
654 508 824 598 πρὸς
882 524 1026 589 τοῖς
1075 507 1302 590 ἄλλοις
1362 515 1771 581 διοικεῖσθαί
1819 533 2041 600 φησιν.
2127 511 2163 580 6

222 611 300 681 δὲ
338 621 687 698 Αἴσωπος,
723 613 947 735 παρῆν
976 610 1134 699 γάρ,
1173 613 1465 697 ἐγέλασε.
1520 614 1634 681 καὶ
1671 612 1840 701 πρὸς
1875 612 2088 682 αὐτὸν
2127 611 2167 681 6

221 712 630 801 φιλόσοφος
695 711 1034 801 »πότερον
1092 716 1297 802 γελᾷς
1357 707 1399 799 ἢ
1445 714 1866 804 καταγελᾷς“
1877 746 1894 797 ;
1957 717 2072 783 καὶ
2127 713 2164 784 6

221 824 549 894 Αἴσωπος
600 813 1069 903 ,ματαγελῶίζ
1117 821 1331 938 φησίν
1369 812 1557 902 ,,ἁλλ’
1597 842 1680 883 ου
1720 820 1872 903 σοῦ,
1924 820 2046 885 τοῦ
2074 815 2164 886 δὲ
2190 846 2217 885 5

222 914 627 996 διδάξαντός
677 934 768 985 σε.
841 911 883 984 ἃ
931 915 1067 1004 γὰρ
1101 914 1239 986 ὑπὸ
1273 923 1471 996 θείας
1507 925 1832 1005 προνοίας
1881 925 2163 1005 γίνεται,

223 1015 421 1087 ταῦθ’
485 1015 626 1086 6216
692 1021 927 1104 σοφῶν
987 1016 1267 1105 ἀνδρῶν
1329 1017 1648 1103 τυγχάνει
1707 1020 1829 1105 τῆς
1882 1019 2161 1099 λύσεως.

223 1112 573 1209 προβαλοῦ
622 1124 862 1188 τοίνυν
915 1119 1058 1206 ἐμέ,
1099 1118 1289 1203 καγῶ
1360 1118 1549 1187 λύσω
1605 1115 1680 1187 τὸ
1730 1118 2162 1210 πρόβλημαίς.

227 1224 299 1290 ἐν
353 1220 580 1312 τούτῳ
631 1226 872 1289 τοίνυν
926 1219 962 1287 6
1019 1220 1295 1300 Ξάνθος.
1350 1221 1780 1307 ἐπιστραφεὶς
1840 1220 2016 1306 λέγει
2065 1224 2159 1312 τῷ
2195 1261 2237 1302 p.
2252 1248 2302 1292 32
2324 1251 2369 1293 b.

222 1326 518 1412 κηπωρῷ
541 1340 554 1352 ·
609 1318 891 1409 „fimeta
941 1321 1218 1389 πάντων
1268 1318 1600 1409 εὐπρεπές
1652 1324 1856 1409 ἐστιν,
1910 1313 1963 1389 ὦ
2013 1325 2164 1410 τᾶν,
2194 1354 2242 1392 ιο

227 1422 344 1511 ἐμὲ
386 1419 512 1491 τὸν
562 1425 637 1491 ἐν
685 1422 1034 1502 τοσούτοις
1084 1420 1556 1511 ἀκροατηρίοις
1603 1424 2045 1509 διαλεχθέντα
2082 1422 2163 1492 τα

222 1527 358 1594 νῦν
398 1527 473 1593 ἐν
509 1524 704 1615 κήπῳ
740 1524 933 1592 λύειν
969 1531 1372 1611 σοφίσματα.
1447 1538 1606 1604 παῖς
1656 1526 1740 1593 δέ
1780 1551 1892 1612 μοι
1927 1523 2169 1594 οὐτοσὶ

224 1628 503 1694 πολλῶν
540 1641 783 1712 πεῖραν
822 1631 993 1711 ἔχων
1030 1623 1432 1694 ἀκολουθεῖ·
1467 1626 1692 1716 τούτῳ
1728 1628 2163 1716 προσαναθέ-

220 1754 449 1815 μενος,
511 1731 630 1814 τῆς
692 1726 950 1805 λύσεως
984 1726 1187 1814 τεύξῃ
1239 1729 1363 1795 τοῦ
1402 1727 1884 1814 ζητουμένουιί.
1957 1730 2072 1796 καὶ
2127 1728 2167 1795 6

222 1827 570 1916 κηπωρός··
623 1818 872 1916 »οὗτος
921 1826 956 1894 ὁ
995 1828 1275 1916 αι’σχρός
1322 1826 1938 1917 γράμματαοῖδενς
1989 1840 2168 1916 οἴμοι
2193 1857 2255 1897 15·

222 1935 349 2016 τῆς.
389 1934 778 2015 δυστυχίας.
852 1927 1024 2017 άλλά
1078 1928 1373 2017 φράσον,
1411 1919 1464 1996 ὦ
1503 1934 1745 2019 λῷστε,
1794 1934 1860 1997 εἰ
1892 1931 2167 2016 τοῦ-ζη-

219 2032 559 2120 τουμένου
586 2031 710 2119 τὴν
738 2029 1143 2119 διασάφησιν
1184 2029 1553 2130 ἔγνωκαςίί.
1617 2030 1732 2098 καὶ
1768 2028 1804 2099 6
1843 2039 2165 2111 Αἴσωπος

223 2131 312 2221 ,,ἡ
374 2130 601 2220 γυνήα
666 2140 878 2220 φησίν
941 2131 1269 2219 »ἐπειδάν
1329 2131 1501 2218 πρὸς
1558 2130 1879 2220 δεύτερον
1943 2131 2166 2218 γάμον

223 2240 425 2323 ἔλθῃ,
471 2236 677 2302 τέκνα
726 2236 798 2302 ἐκ
843 2236 968 2302 τοῦ
1019 2233 1295 2322 πρώτου
1343 2231 1611 2321 ἀνδρὸς·
1646 2239 1921 2320 ἔχουσα,
1971 2242 2165 2323 εἴπερ

221 2333 411 2423 εὕροι
436 2337 552 2404 καὶ
578 2333 700 2403 τὸν
726 2333 946 2422 ἄνδρα
976 2338 1049 2404 ἐκ
1075 2337 1193 2421 τῆς
1221 2336 1551 2424 προτέρας
1576 2333 1919 2422 γυναικὸς
1926 2361 2164 2404 τεκνο-
2191 2362 2255 2402 20·

367 2468 392 2514 1
433 2457 624 2529 μήδὲν
657 2464 734 2527 Η,
769 2466 821 2514 in
856 2463 902 2512 Ε
949 2481 984 2529 η
1021 2466 1255 2515 radendo
1288 2465 1480 2527 factum
1518 2482 1588 2514 ex
1624 2457 1659 2530 ἠ
1778 2456 2082 2543 σύνοήσας
2118 2464 2167 2514 V

223 2532 267 2594 Q
295 2533 367 2594 P3
404 2535 457 2583 in
490 2531 539 2581 A
571 2534 741 2582 statim
776 2548 914 2582 corr.
1186 2531 1289 2598 ησί
1322 2532 1366 2593 Q
1408 2528 1579 2597 φησὶ·
1618 2531 1666 2581 Α
1776 2535 1834 2582 3
1871 2522 1931 2581 δ’
1971 2532 2018 2582 Φ
2044 2531 2090 2580 F
2116 2532 2167 2580 K

220 2600 259 2649 Z
285 2616 321 2648 v
460 2596 677 2666 παρῆν]
718 2591 870 2663 πλὴν
907 2598 952 2648 Ρ
1071 2535 1198 2664 ἒγῗλ
1170 2599 1344 2650 λασεν
1379 2599 1447 2648 M
1548 2601 1582 2648 4
1613 2591 1861 2662 πότερον
1897 2614 1967 2648 ex
2003 2590 2163 2663 πρότ.

224 2683 364 2720 corr.
405 2667 449 2728 Q
615 2669 645 2717 6
681 2665 940 2732 γίγνεται
975 2665 1023 2715 Α
1186 2670 1214 2718 7
1252 2665 1436 2716 ταῦτα
1476 2668 1521 2729 Q
1685 2667 1716 2716 8
1751 2662 2081 2729 προβαλλοῦ
2117 2667 2165 2728 Q

218 2728 516 2815 προβαλλύ
542 2735 585 2783 Ρ
623 2726 914 2813 προβάλου
948 2732 995 2781 Α
1099 2736 1130 2784 9
1169 2729 1345 2799 λέγει]
1377 2729 1521 2812 λέγω
1559 2732 1602 2782 Ρ
1723 2736 1785 2783 10
1820 2748 2088 2815 κηπουρω
2118 2734 2171 2784 Φ

361 2789 434 2918 (Ep
441 2797 550 2851 τάν
589 2802 632 2850 Ρ
668 2818 711 2850 ω
751 2791 800 2851 τ’
844 2790 916 2850 ἂν
952 2800 998 2849 Ε
1023 2800 1079 2850 Η
1252 2804 1312 2851 11
1353 2794 1505 2865 τὸν]
1516 2796 1629 2852 τῶν
1663 2800 1708 2850 Ρ
1881 2785 2166 2867 άκροάτη-
2184 2838 2195 2847 .

191 2867 434 2933 ’ρίαςΡ
584 2865 749 2919 διαλέ
790 2885 929 2920 οντα
965 2871 1012 2918 A
1158 2884 1342 2919 τανυν
1377 2868 1427 2917 Ὺ
1450 2868 1509 2917 Μ
1534 2868 1579 2951 Q
1608 2869 1655 2919 Φ
1680 2867 1735 2917 Η
1862 2869 1947 2917 12
1985 2868 2169 2949 σωφι·
2182 2925 2187 2930 ,

220 2950 411 3002 σματα
446 2936 487 2985 Ζ
658 2951 756 2999 μοι
815 2952 927 3002 μου
961 2933 996 2986 b
1161 2928 1358 2988 οὑτοσὶ
1394 2952 1464 2986 eoe
1500 2928 1708 2987 ουτωσι
1744 2951 1881 2986 corr.
1921 2936 1979 2985 M
2006 2938 2033 2986 1
2073 2927 2168 2987 06-

219 3002 356 3056 τωσὶ
393 3004 439 3053 E
464 3003 536 3064 H,
573 2953 736 3054 0650-
713 3000 798 3054 -62
835 3004 881 3065 Q
919 3006 1093 3054 lietera
1128 3006 1303 3070 aliqua
1338 3020 1492 3053 erasa
1668 3006 1728 3055 13
1766 2994 2173 3054 άκολουθείαν

219 3071 348 3122 ΕΗ
400 3040 763 3149 ἀκολουθίας
809 3072 855 3121 F
883 3071 1058 3120 KZv
1232 3073 1297 3121 14
1342 3069 1443 3137 τῆς
1490 3062 1665 3138 λύσης
1711 3062 1902 3134 τεύξει
1949 3072 1993 3121 Ρ

221 3142 285 3191 15
321 3130 612 3204 κηπουρὸς
650 3137 698 3188 Φ
838 3134 1080 3204 αἰσχρῶς
1116 3139 1160 3187 Ρ
1291 3131 1454 3189 οἶδεν
1497 3155 1568 3188 eoe
1605 3134 1766 3190 εἶδεν
1811 3154 1948 3190 corr.
1984 3138 2043 3186 M
2089 3133 2169 3189 εἴ·

219 3205 325 3257 δεν
364 3207 405 3255 P
432 3206 468 3256 b
609 3208 670 3256 16
709 3191 752 3255 ὦ
785 3155 1004 3270 afficte]
1023 3208 1074 3256 in
1109 3206 1421 3269 mar-,qineaf
1458 3191 1501 3256 ὦ
1538 3202 1674 3270 φίλε
1711 3205 1761 3255 V
1785 3208 1824 3256 2
1959 3208 2018 3256 17
2057 3198 2171 3270 τὴν

219 3323 314 3361 om.
355 3307 406 3356 K
568 3300 601 3358 ἕ
598 3322 821 3371 γνωσας
855 3307 905 3356 R
940 3322 1110 3371 m.p1·.
1278 3307 1342 3355 18
1378 3297 1441 3370 ἦ]
1483 3301 1537 3357 εἰ
1574 3306 1622 3357 Φ
1758 3319 1924 3385 φησι
1962 3291 2009 3355 Φ

221 3366 468 3426 ἐπειδὰν
506 3389 599 3424 om.
638 3374 685 3428 Φ
823 3366 1009 3452 γάμον
1046 3364 1320 3437 δεύτερον
1358 3373 1405 3424 Φ
1548 3376 1610 3425 19
1651 3365 1878 3449 πρώτου
1913 3372 1987 3420 V:
2025 3387 2167 3434 προ-

123 3455 130 3464 ·
219 3436 390 3507 τέρου
428 3443 590 3491 ceteri
723 3444 790 3494 20
828 3457 964 3507 ευρη
1001 3442 1050 3492 V
1077 3440 1124 3490 Φ
1148 3440 1200 3490 Κ
1224 3442 1265 3490 Ζ
1291 3441 1336 3490 F
1477 3432 1567 3523 ἐκ]
1603 3436 1780 3492 τέκνα
1816 3433 1879 3490 ἐκ
1916 3439 1962 3488 F
1987 3438 2038 3487 K
2062 3438 2103 3487 Z
2128 3454 2166 3487 v

377 3505 566 3589 προτ.]
608 3523 638 3559 ο
673 3511 725 3559 in
761 3525 866 3563 ras.
904 3508 949 3571 Q
986 3524 1054 3561 m.
1082 3523 1161 3572 pr.
1225 3517 1228 3518 ’
1327 3524 1603 3573 γυναικος
1638 3525 1730 3561 om
1766 3507 1815 3556 A
1967 3520 2163 3557 τεκνο-

221 3570 600 3642 ποησάμενον
635 3576 681 3639 Q
722 3566 1468 3641 άνδροτεκνοποιησάμενον
1506 3576 1553 3626 Φ
