2563 4087
1059 257 1306 320 Aesopus
1343 254 1370 303 Ι
2058 250 2181 314 261

241 414 640 502 παρόντων·
693 420 766 482 τί
798 404 927 482 οὖν
964 409 1050 480 ἂν
1086 413 1348 498 γένοιτο
1383 411 1685 498 γλώττης
1735 408 2184 498 χρηστότερόν

240 541 312 584 τε
360 516 477 584 καὶ
527 516 794 602 βέλτιον
845 517 921 583 ἐν
967 517 1062 605 τῷ
1112 520 1281 604 βίῳς
1338 515 1519 580 πᾶσα
1570 511 1703 600 γὰρ
1751 516 2019 580 παιδεία
2066 512 2180 579 καὶ

241 623 616 703 φιλοσοφία
667 614 756 684 δι’
798 615 1011 704 αὐτῆς
1048 614 1439 684 παιδεύεται
1475 613 2038 682 καὶ-διδάσκεται·
2072 610 2177 681 ,δι’

241 716 456 804 αὐτῆς
504 716 748 803 δόσεις,
798 716 1054 804 λήψεις,
1101 714 1374 805 ἀγοραί,
1410 714 1778 802 ἀσπασμοί,
1830 713 2184 802 εὐφημίαι,
2226 740 2233 747 ’

240 822 470 906 μοῦσα
498 820 680 886 πᾶσα
699 836 712 850 ·
765 816 856 885 δι’
888 817 1100 905 αὐτῆς
1128 818 1666 906 συγκροτοῦνται
1695 816 1922 903 γάμοι,
1959 815 2183 894 πόλεις
2210 839 2235 880 5

241 919 732 1007 ἀνορθοῦνται,
770 917 1126 1008 ἄνθρωποι
1160 916 1611 1000 διασώζονται.
1676 919 1791 985 καὶ
1828 917 2186 986 συνελόντι

243 1020 486 1108 φάναι,
548 1018 636 1089 δι’
696 1018 908 1109 αὐτῆς
969 1017 1146 1099 ἅπας
1200 1017 1236 1087 ὁ
1292 1026 1443 1106 βίος
1503 1016 1699 1106 ἡμῶν
1751 1020 2180 1105 συνέστηκεν.

243 1119 455 1191 οὐδὲν
516 1119 648 1207 ἄρα
694 1127 814 1209 τῆς
864 1122 1165 1209 γλώττης
1213 1117 1556 1208 ἅμεινον“.
1647 1121 1759 1188 ἐπὶ
1805 1119 2070 1198 τούτοις
2119 1124 2193 1189 οἰ

245 1225 671 1308 σχολαστικοὶ
699 1222 822 1291 τὸν
848 1222 975 1309 μὲν
1003 1231 1332 1292 Αἴσωπον
1359 1219 1588 1308 ὀρθῶς
1615 1222 1835 1306 λέγειν
1872 1220 2184 1307 φάμενοι,

242 1323 699 1412 ἡμαρτηκέναι
725 1323 802 1393 δὲ
830 1323 951 1392 τὸν
979 1324 1415 1408 διδάσκαλον,
1449 1322 1866 1408 διελύθησαν
1907 1323 2185 1401 ἕκαστος
2212 1349 2262 1387 10

245 1424 353 1494 ἐπ’
396 1435 611 1494 οἴκου.
675 1430 757 1513 τῇ
797 1421 864 1493 δ’
903 1424 1231 1515 ὑστεραίᾳ
1265 1425 1469 1492 πάλιν
1497 1424 1918 1510 αἰτιωμένων
1954 1421 2185 1490 αὐτῶν

240 1524 364 1594 τὸν
413 1524 720 1613 Ξάνθον,
773 1529 1027 1606 ἐκεῖνος
1092 1524 1490 1611 ἀπελογεῖτο
1537 1526 1628 1611 μὴ
1688 1523 1854 1592 κατὰ
1906 1524 2186 1611 γνώμην

244 1627 463 1696 αὐτοῦ
515 1629 732 1697 ταῦτα
779 1629 1156 1714 γεγονέναι,
1204 1625 1378 1695 ἀλλὰ
1429 1629 1552 1695 τοῦ
1602 1625 1877 1714 ἀχρείου
1926 1624 2184 1694 δούλου

241 1733 326 1816 τῇ
366 1736 764 1818 κακουργίᾳ.
829 1728 1122 1817 σήμερον
1158 1728 1235 1798 δὲ
1271 1727 1411 1796 ἀλλ’
1453 1727 1721 1815 ἀμείψει
1754 1723 1829 1796 τό
1868 1732 2184 1796 δεῖπνον·

246 1827 488 1917 ,,κάγω
536 1830 620 1917 δὴ
656 1830 1015 1918 παρόντων
1065 1830 1264 1917 ὑμῶν
1316 1829 1504 1917 αὐτῷ
1545 1828 1996 1915 διαλέξομαιζζ.
2070 1830 2184 1897 καὶ
2213 1854 2262 1895 15

158 1986 166 1992 .
241 1933 534 2010 καλέσας
585 1929 823 2020 αὐτόν,
873 1933 1012 1999 πᾶν
1062 1929 1098 1999 ὅ
1142 1958 1205 1999 τι
1249 1929 1684 2016 φαυλότατόν
1717 1955 1789 1998 τε
1823 1931 1937 1997 καὶ
1973 1936 2182 2016 χείρι-

243 2056 408 2102 στον
470 2028 818 2121 ὄψωνῆσαι
867 2031 1144 2118 κελεύει,
1210 2029 1301 2111 ώς
1349 2036 1488 2100 τών
1537 2035 1996 2117 σχολαστικών
2052 2031 2185 2100 σὺν

242 2134 432 2227 αὐτῷ
484 2134 1009 2222 δειπνησόντων.
1083 2132 1120 2202 ὃ
1170 2134 1246 2203 δὲ
1295 2133 1506 2221 μηδὲν
1554 2134 1942 2223 διατραπεὶς
1979 2133 2183 2201 πάλιν

380 2350 408 2398 1
449 2347 511 2399 τί
543 2335 650 2399 οὖν
683 2364 758 2399 αν
792 2348 842 2398 V
866 2348 940 2397 R.
980 2347 1042 2400 τί
1072 2335 1148 2398 ἂν
1184 2333 1291 2398 οὖν
1326 2350 1492 2398 ceteri
1614 2350 1646 2397 2
1682 2344 1974 2426 βέλτιστον
2010 2348 2059 2397 R

238 2414 460 2467 παιδία
492 2416 539 2466 Ρ
701 2418 733 2467 3
771 2408 873 2467 διὰ
910 2416 951 2464 Ζ
1105 2406 1286 2481 αυτῆς
1324 2415 1367 2464 Ρ
1517 2423 1637 2480 post
1674 2412 2014 2467 διδάσκεται
2049 2418 2101 2465 in
2137 2415 2184 2477 Q

240 2492 354 2535 octo
387 2484 507 2544 fere
534 2486 736 2534 litterae
762 2499 978 2540 erasae,·
1014 2498 1211 2560 uersus,
1232 2486 1329 2562 qui,
1351 2484 1634 2548 insequitur
1669 2485 1847 2547 incipit
1881 2499 1914 2532 a
1957 2485 1990 2535 l.
2013 2485 2049 2533 l.
2087 2498 2184 2532 ται

238 2553 424 2602 deletis
561 2566 661 2601 non
697 2558 817 2601 ante
851 2553 968 2602 sed
976 2558 1098 2615 post
1135 2539 1211 2599 δι’
1251 2542 1435 2615 αὐτῆς
1470 2552 1709 2600 distinxit
1743 2551 1793 2601 R
1929 2551 1964 2599 4
1968 2540 2187 2627 ί,εὐφη-

237 2617 371 2684 μίαι
408 2621 461 2669 in
496 2617 548 2667 D
584 2621 750 2682 suppl.
787 2618 839 2668 D
864 2621 896 2669 3
1009 2621 1041 2669 5
1079 2610 1262 2695 αὐτῆς
1299 2620 1343 2667 Ρ
1458 2613 1569 2683 γὰρ
1601 2625 1725 2682 post
1756 2634 1806 2666 u.
1841 2610 2024 2680 αὐτῆς
2058 2619 2182 2667 add.

235 2687 282 2736 Ε
309 2686 366 2736 H
392 2684 580 2764 (γαρ),
615 2686 668 2735 K
690 2685 745 2743 Z,
783 2687 834 2735 D
860 2687 909 2744 2,
950 2701 983 2734 v
1086 2677 1281 2751 γάμοι]
1307 2675 1548 2762 πόλεμοι
1584 2686 1630 2747 Q
1736 2677 1907 2764 πόλις
1944 2683 1988 2732 Ρ
2022 2700 2183 2748 saepe

376 2751 1159 2831 ἸφᾶναιΜΒΒῌΚΖν
1317 2749 1519 2811 πᾶςΦ
1666 2742 2005 2803 Βούδὲνα.
2045 2769 2182 2817 ‘tr-y.

237 2813 481 2884 αμεινον
519 2836 614 2876 οηι.
649 2819 718 2870 P
834 2823 865 2870 9
902 2810 1084 2884 ὀρθὸς
1118 2819 1164 2869 Ρ
1308 2823 1371 2869 10
1408 2811 1859 2886 διεληλύθεισαν
1893 2819 1942 2869 R
1989 2818 2183 2885 διελη-

238 2897 495 2955 λύθασιν
530 2903 577 2953 Ε
602 2905 655 2954 Η
680 2905 721 2953 Ζ
747 2904 796 2953 K
821 2920 855 2952 v
1019 2906 1080 2953 11
1118 2898 1186 2955 δὲ
1223 2904 1264 2952 Ζ
1423 2894 1635 2969 ὕστερα
1671 2905 1723 2954 Κ
1872 2906 1934 2954 12
1972 2894 2189 2956 ἀπολο-

234 2975 397 3049 γεῖτο
435 2971 498 3036 (Ζ
523 2971 616 3035 Κ),
652 2988 689 3021 v
723 2978 938 3036 praeter
972 2970 1157 3023 Neuel.
1279 2964 1503 3037 γνόμην
1540 2974 1587 3021 A
1704 2974 1766 3022 13
1806 2965 1960 3023 αὐτῶ
1998 2972 2047 3021 R

236 3036 425 3090 ταῦτα
470 3041 525 3089 in
560 3040 609 3089 D
646 3054 810 3105 supra
850 3041 1033 3128 lineqm
1066 3042 1259 3089 adiecit
1293 3056 1360 3091 m.
1385 3055 1470 3104 pr.
1587 3034 1925 3157 δγενέσθαι
1963 3039 2011 3090 Φ

1627 3123 1688 3157 ια

238 3176 302 3223 14
348 3173 705 3238 κακουργεία
741 3176 785 3223 Ρ
958 3165 1102 3224 ἀλλά
1151 3174 1353 3255 μείψει
1399 3176 1443 3225 Ρ
1491 3165 1612 3225 ἀλλ’
1654 3168 1896 3239 ἀμείψει
1938 3177 2010 3240 1),
2059 3165 2180 3226 ἀλλ’

228 3243 441 3320 punctis
486 3243 675 3292 deIeuit
728 3249 781 3291 et
823 3239 928 3292 δια
974 3257 1136 3319 supra
1179 3244 1394 3306 scripsit
1434 3243 1486 3293 D
1521 3245 1571 3302 3,
1617 3240 1716 3292 δια
1720 3242 1922 3307 μείψει
1970 3243 2084 3304 (om.
2125 3260 2183 3307 p

234 3300 415 3375 ἀλλά)
454 3309 648 3371 ZKv3
685 3310 749 3359 de
781 3325 838 3374 p.
876 3301 1026 3360 ἀλλά
1061 3327 1110 3359 ιι
1138 3310 1353 3374 Kxuger
1378 3308 1469 3360 Gr.
1498 3310 1588 3360 Gr.
1613 3311 1698 3372 69,
1725 3312 1775 3373 4,
1803 3312 1852 3363 5.
1879 3309 2180 3360 Βὲιιηιῑοίη.

231 3376 387 3427 Pan.
428 3376 520 3426 Gr.
536 3394 609 3456 p.
651 3379 729 3428 12.
765 3383 987 3426 ceterum
1022 3379 1194 3428 nescio
1229 3396 1297 3428 an
1328 3378 1650 3428 scribendum
1681 3380 1750 3428 sit
1762 3348 2180 3454 ἀνταμείψειν.

373 3446 440 3495 15
478 3437 552 3504 δὴ
591 3446 807 3525 ser-ipsi:
844 3438 909 3496 δὲ
945 3445 1080 3504 libri,
1118 3461 1212 3497 om.
1255 3445 1301 3507 Q
1461 3438 1628 3510 ἡμῶν
1665 3446 1709 3511 Ρ
1860 3447 1923 3494 16
1960 3433 2181 3509 ἀχείρι-

233 3524 370 3563 στον
408 3513 453 3562 P
564 3513 624 3561 17
661 3504 952 3590 ὄψονῆσαι
988 3514 1059 3576 D,
1096 3501 1277 3589 ὄψων.
1316 3515 1436 3563 inde
1465 3514 1595 3574 fecit
1627 3514 1677 3561 D
1704 3513 1762 3572 2,
1806 3500 2092 3575 οψωνίσαι
2131 3511 2176 3573 Q

337 3572 442 3631 τὸν
480 3571 858 3645 σχολαστικὸν
893 3581 938 3630 Ρ
1044 3550 1150 3630 σὺν
1187 3597 1281 3631 om.
1324 3581 1369 3642 Q
1481 3581 1543 3630 18
1579 3548 1766 3644 μήδὲν
1802 3580 1858 3629 H
