2563 4087
394 264 436 327 8

398 412 711 498 διαβῆναι
744 405 869 495 τὴν
899 411 1345 475 διδασκαλίαν
1377 408 1450 475 ἐν
1480 404 1688 497 αὐτῷ.
1747 407 1862 475 καὶ
1891 405 2364 493 στοχαζόμεθα

398 507 500 577 ὅτι
536 508 672 577 ἀπὸ
707 513 831 577 τοῦ
867 507 1168 596 βοτάνου
1209 511 1481 577 ἐκείνου
1524 508 1930 596 ἐδεσμεύθη·
1979 503 2021 596 ἢ
2055 510 2171 576 καὶ
2208 507 2353 576 ἀπὸ

397 614 649 698 πολλῆς
718 612 832 678 καὶ
910 613 1201 699 σκληρᾶς
1264 610 1678 689 παιδεύσεως
1738 615 1862 679 τοῦ
1927 610 2357 679 διδασκάλου·

399 716 604 782 τοῦτο
642 710 979 799 ’ἐγένετο.“
1040 714 1151 786 ἐπὶ
1188 713 1455 792 τούτοις
1484 702 1613 781 οὖν
1639 716 1763 780 τοῦ
1793 713 2119 800 βασιλέως
2155 710 2356 781 ἄθυ-

345 844 371 884 5
399 816 693 902 μοῦντος
730 816 843 882 καὶ
882 814 1364 902 λυπουμένου,
1405 822 1526 902 μία
1562 815 1701 882 τῶν
1738 813 1954 883 αὐτοῦ
1994 817 2363 900 γυναικῶν

299 1000 315 1008 „
400 914 580 985 οὕτω
631 916 1065 1003 λυπούμενον
1113 917 1234 984 τὸν
1280 917 1560 1005 βασιλέα
1611 918 1893 1003 ἰδοῦσα,
1956 916 2123 1004 φησὶ
2173 915 2367 1003 πρὸς

400 1017 648 1086 αὕτόν·
693 1009 794 1105 ,,ὦ
828 1022 1134 1106 βασιλεῦ,
1175 1022 1542 1107 ἐπίτρεψον
1581 1017 1695 1105 ἐμὲ
1729 1019 1845 1086 καὶ
1873 1016 1994 1085 τὸν
2025 1015 2188 1087 υἱόν
2216 1036 2381 1103 σου,

400 1118 568 1188 κατὰ
604 1120 818 1208 μόνας
854 1121 1207 1207 γενέσθαι,
1255 1122 1371 1188 καὶ
1411 1121 1558 1208 ἐμοὶ
1593 1121 1721 1209 τὴν
1758 1127 1988 1188 αἰτίαν
2023 1121 2141 1206 τῆς
2179 1128 2349 1188 σιω-
2420 1117 2426 1124 ’

401 1226 530 1309 πῆς
565 1221 953 1309 ἀναγγελεῖ,
991 1220 1094 1290 ὅτι
1128 1223 1242 1290 καὶ
1283 1222 1413 1312 πρὸ
1443 1220 1694 1310 ταύτης
1728 1224 1847 1310 τῆς
1875 1228 2098 1300 αἰτίας
2126 1220 2347 1308 συνή-

324 1353 374 1393 10
398 1336 594 1393 θειαν
632 1322 810 1410 εἶχεν
844 1322 1349 1392 ἀνακαλύπτειν
1388 1326 1534 1411 ἐμοὶ
1573 1324 1797 1392 πάντα
1832 1320 1961 1391 ὅσα
1996 1320 2174 1409 εἶχεν
2211 1321 2346 1390 αὐ·-

399 1427 559 1512 τός,
608 1423 780 1514 ἅπερ
816 1423 981 1494 οὐδὲ
1016 1428 1099 1513 τῇ
1140 1423 1354 1495 αὐτοῦ
1392 1427 1593 1515 μητρὶ
1634 1422 1950 1513 ἐδήλου.“
2028 1422 2070 1510 ἡ
2119 1425 2369 1512 μέντοι.

402 1529 618 1654 μη’τηρ
656 1530 778 1596 τοῦ
809 1526 1047 1606 παιδὸς
1075 1529 1189 1596 καὶ
1219 1526 1390 1615 αὐτὴ
1422 1527 1884 1616 σφοδρότερον
1917 1525 2361 1614 ἐτιτρώσκετο

198 1668 242 1705 p.
258 1657 376 1699 1213.
405 1630 530 1718 τὴν
566 1632 877 1717 καρδίαν.
960 1631 1139 1715 λέγει
1186 1621 1313 1698 οὖν
1364 1627 1399 1696 ὁ
1436 1627 1751 1717 βασιλευς
1786 1633 1870 1716 τῇ
1922 1628 2362 1718 παμπονήρω

403 1732 526 1800 τοῦ
564 1733 724 1799 υἱοῦ
764 1734 1093 1820 μητρυιᾷ·
1134 1720 1352 1819 ,,λα’βε
1388 1757 1516 1798 ουν
1553 1730 1637 1799 σύ
1677 1729 1799 1799 τὸν
1825 1730 1988 1800 υἱόν
2014 1756 2146 1818 μου
2177 1726 2366 1817 πρὸς

329 1861 376 1900 15
408 1833 655 1920 εαυτὴν
690 1834 805 1900 καὶ
836 1860 927 1912 ως
957 1833 1250 1902 δύνασαι
1277 1835 1769 1912 κολακευτικῶς
1797 1830 1985 1922 αὐτῷ
2014 1838 2353 1920 προσομί-

404 1944 651 2022 λησον,
702 1939 816 2003 ’ἵνα
866 1931 995 2003 κᾶν
1045 1934 1153 2003 διὰ
1208 1935 1372 2021 σοῦ,
1425 1933 1514 2013 ὥς
1565 1932 1795 2019 εἶπας,
1831 1941 2139 2022 κινηθείη
2175 1932 2361 2021 πρὸς

402 2036 480 2106 τὸ
536 2037 837 2125 λαλῆσαι.
925 2038 1041 2106 καὶ
1093 2035 1247 2106 τότε
1299 2035 1563 2123 νοήσεις
1619 2033 1791 2124 αὐτὴ
1845 2033 1931 2105 σύ
1988 2043 2061 2104 τί
2101 2033 2178 2103 τὸ
2232 2037 2367 2123 τῆς·

407 2144 658 2226 σιωπῆς
694 2138 944 2227 ταύτης
981 2138 1269 2207 αἵτιον.“
1361 2136 1403 2226 ἡ
1453 2137 1530 2206 δὲ
1577 2139 1752 2226 γυνὴ
1802 2137 1923 2206 τὸν
1970 2142 2184 2207 παῖδα
2229 2143 2364 2224 τῆς

404 2240 624 2330 χειρὸς
675 2244 1021 2329 λαβοῦσα,
1082 2240 1252 2331 πρὸς
1297 2239 1422 2328 τὴν
1474 2242 1717 2327 ἑαυτῆς
1765 2246 1992 2309 οίκιάν
2041 2238 2353 2326 ἀπήγαγε

327 2369 378 2410 20
407 2345 520 2412 καὶ
588 2350 983 2430 συνομιλεῖν
1048 2341 1229 2433 αὐτῷ
1289 2342 1539 2429 λόγους
1593 2359 1829 2431 πραεῖς
1881 2343 1997 2410 καὶ
2051 2340 2361 2429 ἡμέρους

406 2444 765 2532 (ἐπήρξατο.
882 2441 918 2511 ὁ
984 2442 1060 2512 δὲ
1127 2460 1288 2524 παῖς
1365 2443 1458 2523 ὥς
1524 2446 1637 2512 καὶ
1705 2444 2035 2533 πρότερον
2096 2440 2355 2530 ὁμοίως

409 2545 669 2635 ἐκράτει
702 2545 830 2632 τὴν
868 2545 1165 2634 σιωπήν,
1211 2544 1373 2634 μηδ’
1414 2543 1588 2624 ὅλως
1622 2561 1766 2625 τοῖς
1802 2546 2080 2632 γλυκέσι
2126 2544 2367 2630 λόγοις

404 2652 524 2736 τῆς
559 2645 883 2734 γυναικὸς
918 2646 1530 2734 ὑποχαυνούμενος
1559 2650 1674 2715 καὶ
1703 2647 1995 2716 ἀκούων.
2056 2644 2199 2715 εἶτα
2236 2647 2353 2713 λέ-

407 2777 507 2836 γει
556 2749 759 2817 ποὲλιν
810 2748 979 2838 πρὸς
1029 2747 1241 2819 αὐτὸν
1303 2748 1344 2838 ἡ
1392 2749 1574 2837 γυνή
1589 2767 1604 2781 ·
1667 2740 1785 2836 ,,ὦ
1849 2756 2164 2837 φίλτατε,
2220 2750 2365 2815 νῦν

329 2876 381 2915 25
410 2849 685 2938 ἀληθῶς
725 2856 943 2937 ἔγνων
983 2850 1075 2931 ὣς
1109 2851 1248 2922 ὑπὸ
1279 2859 1509 2921 αἰτίαν
1546 2850 1695 2918 τινα
1731 2849 2078 2940 ὑπάρχεις.
2135 2855 2250 2919 ἵνα
2286 2856 2361 2917 τί

437 3038 444 3044 ,
551 3002 576 3046 1
617 2988 679 3048 ἐν
717 2989 874 3065 αὐτῷ
911 2999 944 3052 i.
983 3014 1027 3047 e.
1068 2995 1152 3057 εἰς
1191 2989 1388 3049 αὐτόν.
1463 2989 1526 3048 ἐν
1562 3013 1654 3048 om.
1692 2998 1790 3047 BV
1938 3000 1967 3048 7
2004 2991 2361 3076 ἔπίστρεψον

408 3065 458 3114 A
596 3067 627 3116 9
666 3054 984 3142 αναγγελοῐ
1015 3067 1063 3114 V
1105 3069 1153 3116 9.
1180 3069 1246 3116 25
1270 3062 1458 3130 αἰτία]
1495 3066 1713 3116 morbus
1753 3063 2137 3127 (Boissonade)
2252 3062 2359 3128 τῆς

411 3150 501 3185 om
539 3133 586 3181 A
760 3134 818 3181 11
857 3129 926 3199 τῇ
964 3123 1146 3184 αυτοῦ
1156 3129 1378 3211 μητρὶ]
1420 3135 1548 3183 talia
1581 3136 1770 3215 reliqui
1803 3136 1975 3199 qualia
2009 3135 2063 3183 in
2097 3131 2375 3183 codicibus*

412 3206 625 3256 emant,-
662 3200 728 3262 cf.
756 3203 803 3249 5.
837 3202 915 3262 12,
941 3205 988 3251 5.
1098 3193 1236 3266 λα’βε
1273 3202 1420 3251 ABV
1527 3203 1589 3250 15
1626 3192 1866 3267 ἑαυτὴν]
1903 3202 2061 3263 facile
2085 3215 2246 3266 neque
2283 3206 2373 3248 ta·-

411 3283 522 3317 men
547 3270 840 3317 necessario
865 3271 1096 3334 συντ-ἱραί
1130 3271 1316 3349 aliquis
1352 3264 1614 3334 σεαυτήν.
1662 3270 1729 3331 cf.
1769 3272 1815 3328 9,
1854 3271 1885 3319 2
1923 3276 1975 3318 ee
2009 3270 2221 3318 indicem

412 3333 850 3401 προσωμίλησον
874 3336 922 3384 V
1029 3339 1090 3387 17
1119 3328 1266 3403 αὐτὴ
1293 3337 1444 3387 habet
1468 3353 1565 3403 quo
1590 3338 1823 3414 offendat
1928 3338 1992 3386 19
2030 3330 2225 3387 οἰκίαν
2250 3340 2285 3388 ι’.
2312 3351 2362 3386 e.

410 3403 652 3469 οἴκημα,
690 3403 961 3454 conclaue
998 3406 1065 3467 cf.
1094 3408 1142 3467 9,
1170 3408 1256 3458 24.
1363 3407 1430 3454 20
1448 3401 1849 3482 συνομιλῶνΑ
1953 3406 2121 3482 22μη
2126 3394 2185 3453 δ’
2214 3393 2381 3480 ολως

408 3473 601 3535 scripsi
633 3471 832 3548 ubique.
878 3473 946 3534 cf.
974 3473 1024 3536 6,
1055 3476 1133 3525 15.
1165 3475 1244 3522 17.
1309 3464 1571 3538 μηδόλως
1600 3472 1737 3533 (AB)
1766 3472 1972 3551 Boiss„
2010 3464 2089 3537 μὴ
2127 3465 2187 3520 δ’
2215 3458 2379 3529 olm?

411 3541 458 3586 V
582 3540 649 3587 24
651 3530 862 3659 σῧκλιν
900 3557 991 3591 om.
1018 3542 1065 3590 A
1187 3543 1252 3591 25
1289 3540 1441 3604 τῶρα
1478 3531 1758 3605 ἐγνώρισα
1795 3532 1902 3607 τὴν
1940 3535 2158 3602 αἰτίαν,
2199 3537 2386 3590 διατιῒ

416 3617 662 3667 σιωπας·
