2563 4087
1053 271 1307 336 Aesopus
1342 271 1372 321 1
1637 338 1646 346 ⁶
2060 271 2188 338 283

242 429 359 496 καὶ
396 428 655 514 μηδένα
692 426 990 513 πόλεμον
1024 425 1461 516 ὑποπτεύειν,
1496 426 1659 509 τούς
1695 430 1911 510 κύνας
1946 429 2186 512 αὐτοῖς

239 530 587 598 ἐκδοῦναι.
670 531 812 597 τῶν
859 527 938 597 δὲ
986 529 1347 617 προβάτων
1397 528 1524 599 ὑπ’
1576 529 1818 611 ἀνοίας
1865 535 2186 603 πεισθέν-

238 656 380 698 των
427 630 544 698 καὶ
592 631 756 709 τοὺς
791 629 1008 710 κύνας
1047 631 1548 720 ἐκδεδωκότων,
1587 637 1659 701 οί
1689 632 1883 702 λύκοι
1915 635 2078 714 τούς
2115 661 2187 704 τε

239 730 464 812 κύνας
499 731 955 818 διεσπάραξαν
989 733 1103 800 καὶ
1151 730 1234 799 τὰ
1271 732 1577 821 πρόβατα
1626 736 1844 822 ῥᾷστα
1878 737 2183 822 διέφθει-

243 831 452 919 ραν.“
540 837 616 901 οἱ
664 831 913 921 Σάμιοι
973 840 1215 903 τοίνυν
1279 831 1356 901 τὸ
1408 837 1530 903 τοῦ
1584 835 1819 922 μύθου
1872 837 2185 925 βούλημα
2214 864 2240 903 5

239 933 770 1021 συννοήσαντες,
812 933 1134 1023 ὥρμησαν
1168 933 1295 1022 μὲν
1332 934 1482 1023 παρ’
1521 938 1789 1016 ἑαυτοῖς
1824 954 2186 1027 κατασχεῖν

235 1037 360 1104 τὸν
381 1045 731 1105 Αἴσωπον.
782 1032 818 1104 ὃ
851 1035 929 1105 δὲ
958 1034 1089 1104 οὐκ
1112 1033 1455 1124 ἠνέσχετο,
1487 1034 1661 1105 ἀλλά
1687 1039 1783 1129 τῷ
1806 1044 2185 1130 πρεσβευτῇ

239 1137 844 1225 συναποπλεύσας,
893 1138 1064 1227 πρὸς
1110 1145 1416 1226 Κροῖσον
1464 1136 1681 1228 ἀπῄει.
1754 1137 2187 1228 ἀφικομένων

237 1237 310 1307 δ’
349 1236 585 1308 αὐτῶν
619 1245 717 1318 εἰς
753 1245 1049 1326 Λυδίαν,
1084 1236 1122 1306 ὁ
1159 1238 1478 1327 βασιλεὺς
1516 1241 1934 1329 ἐπίπροσθεν
1969 1240 2184 1310 αὐτοῦ

240 1340 496 1409 στάντα
521 1337 646 1409 τὸν
665 1342 992 1410 Αἴσωπον
1017 1340 1462 1429 θεασάμενος,
1489 1339 1916 1429 ἠγανάκτησε
1943 1344 2184 1428 λέγων·
2215 1369 2263 1407 10

241 1445 403 1529 ,,ἴδε
440 1442 747 1512 ποταπὸν
774 1440 1174 1530 ἀνθρώπιον
1211 1441 1530 1528 ἐμποδών
1564 1469 1675 1531 μοι
1708 1444 1949 1530 γέγονε
1973 1447 2186 1531 νῆσον

238 1540 576 1625 ὑποτάξαι
608 1544 950 1631 τοσαύτην
968 1542 1036 1626 ;“
1072 1544 1187 1613 καὶ
1223 1541 1260 1611 ὁ
1306 1553 1643 1625 Αἴσωπος·
1709 1546 2023 1633 ,,με’γιστε
2055 1552 2185 1633 βα-
2224 1571 2389 1625 μω).

243 1650 460 1731 σιλεῦ,
511 1643 593 1713 οὐ
643 1651 764 1735 βία
816 1643 970 1713 οὐδ’
1028 1642 1293 1734 ἀνάγκῃ
1344 1643 1515 1732 πρὸς
1565 1645 1643 1715 σε
1691 1646 2186 1735 παρεγενόμην,

203 1744 385 1814 ’ἀλλ’
441 1745 850 1835 αὐθαίρετος
903 1745 1188 1835 πάρειμι.
1276 1744 1581 1834 ἀνάσχου
1636 1750 1717 1817 δέ
1758 1776 1891 1836 μου
1940 1748 2186 1837 μικρὸν

239 1847 556 1917 ἀκοῦσαι.
631 1847 806 1938 ἀνήρ
839 1875 937 1947 τις
985 1846 1275 1937 ἀκρίδας
1311 1850 1666 1934 συλλέγων
1701 1851 1816 1918 καὶ
1860 1848 2185 1919 ἀποκτιν-
2214 1877 2262 1917 15

238 1949 399 2036 νύς,
450 1943 585 2019 εἷλε
631 1952 747 2019 καὶ
804 1951 1084 2036 τέττιγα.
1174 1951 1319 2019 ἐπεὶ
1368 1946 1444 2018 δὲ
1489 1949 1805 2018 κάκεῖνον
1852 1950 2183 2038 ἠβούλετο

243 2066 528 2140 κτεῖναι,
581 2054 795 2141 φησὶν
846 2050 883 2121 ὁ
938 2052 1176 2132 τέττιξ·
1241 2048 1636 2139 ,,άνθρωπε,
1691 2052 1780 2141 μή
1835 2080 1917 2139 με
1967 2054 2186 2141 μάτην

241 2152 515 2243 ἀνέλῃς.
569 2154 703 2241 ε’·γῶ
738 2152 872 2243 γάρ
907 2152 1066 2223 οὔτε
1102 2151 1362 2239 στάχυν
1395 2154 1702 2243 βλάπτω,
1740 2151 1884 2222 οὐτ’
1926 2152 2091 2224 ἄλλο
2126 2182 2188 2223 τι

386 2354 415 2401 1
453 2344 682 2429 μήδένα
717 2352 770 2401 H
943 2353 975 2401 2
1009 2340 1112 2402 ὑπ’
1153 2341 1359 2410 ἀνοίας
1396 2368 1488 2402 om.
1508 2352 1574 2401 ’Β
1712 2356 1743 2403 3
1779 2345 1912 2410 τούς
1947 2368 2008 2404 τε
2045 2368 2184 2403 corr.

242 2418 295 2466 D
332 2435 403 2470 ex
438 2434 575 2478 τους
745 2422 779 2469 4
823 2410 895 2470 τὰ
939 2413 1103 2484 πρόβ.
1149 2417 1444 2470 ...τοίνυν
1489 2422 1542 2469 in
1576 2435 1734 2484 mar-9.
1769 2423 1940 2485 suppl.
1976 2419 2017 2468 Z

244 2480 590 2551 διέφθηραν
625 2488 669 2537 Ρ
841 2488 873 2536 6
917 2479 1304 2551 συνοήσαντες
1340 2485 1389 2535 V
1413 2488 1462 2537 R
1485 2488 1545 2545 P,
1592 2502 1721 2550 pars
1757 2489 1876 2537 edd.
2052 2481 2181 2553 μὲν]

245 2547 324 2617 μὴ
359 2554 408 2604 Ε
433 2555 489 2603 Η
628 2556 661 2605 8
696 2550 1149 2619 συναποβλέψας
1187 2554 1235 2605 Φ
1344 2556 1408 2604 10
1442 2544 1759 2619 ἠγανάκτει
1794 2554 1844 2603 V
1984 2554 2044 2603 11
2083 2569 2186 2603 πο-

242 2612 455 2686 ταπὸν]
494 2637 608 2673 πον
640 2624 694 2671 in
727 2637 835 2672 ras.
873 2621 947 2684 Ως
994 2618 1273 2673 ποταπῶν
1309 2620 1353 2670 Ρ
1395 2612 1655 2685 ποταμὸν
1691 2635 1745 2683 a,
1788 2614 2052 2671 ποταπόν
2088 2635 2185 2683 μοι

243 2688 292 2750 Q
334 2688 522 2752 (altero
547 2705 643 2771 pr.
682 2704 778 2754 μοι
819 2691 880 2738 11
917 2706 1033 2740 non
1069 2688 1272 2751 omisso)
1448 2678 1794 2750 ἄνθρωπίον
1828 2687 1880 2736 D
2050 2690 2187 2737 inter

243 2772 343 2821 μοι
394 2763 446 2806 et
492 2772 696 2824 γεγονε
740 2760 793 2807 in
828 2756 869 2805 Z
925 2751 1152 2824 λέγεται
1199 2762 1277 2807 est
1320 2758 1537 2807 deletum
1709 2753 1886 2820 νῆσον
1934 2770 2027 2805 om.
2061 2754 2110 2802 A
2138 2758 2183 2817 1,

238 2839 339 2902 sup
381 2826 417 2875 l.
452 2822 502 2873 A
525 2826 556 2874 2
727 2827 867 2875 inter
903 2822 1013 2889 νῆσ
1048 2831 1098 2874 ec
1134 2839 1200 2875 ον
1235 2826 1290 2874 in
1327 2825 1372 2886 Q
1412 2825 1588 2873 littera
1624 2839 1778 2873 erasa
1944 2824 2007 2872 12
2044 2816 2187 2873 ὑπο·

242 2906 316 2944 τοι
356 2906 421 2942 αι
456 2890 508 2941 R
626 2885 895 2957 μέγισται
930 2893 974 2942 P
1099 2895 1161 2942 13
1197 2882 1332 2942 οὐδ’
1371 2885 1447 2940 V:
1487 2882 1628 2942 οὐδὲ
1665 2893 1827 2942 ceteri
1930 2884 2104 2956 προσὲ
2141 2890 2186 2940 Ρ

235 2974 390 3038 προς
410 2972 472 3010 σε
498 2959 539 3009 Ζ
574 2953 718 3024 πρὸς
743 2973 804 3011 σε
829 2964 912 3011 uel
933 2953 1073 3025 πρός
1093 2972 1155 3010 σε
1181 2960 1299 3010 edd.
1404 2950 1817 3024 παραγενόμην
1844 2958 1889 3007 Ε
1914 2957 1968 3007 H
2002 2974 2190 3024 παρα-

241 3037 592 3092 γενομενων·
621 3019 1049 3092 ἀλαυθαίρετος
1075 3029 1117 3077 Ρ
1215 3029 1279 3078 14
1304 3017 1621 3092 αῧθέρετος
1648 3026 1699 3075 Κ
1802 3018 2023 3091 πάρημι
2047 3028 2097 3075 V

245 3083 500 3161 ἀνέσχον
524 3094 593 3159 A,
627 3084 886 3162 ἀνάσχου
911 3097 967 3147 Μ
989 3098 1086 3146 sed
1109 3086 1146 3145 ά
1170 3102 1225 3145 ut
1248 3097 1454 3146 uidetur
1477 3110 1506 3144 e
1527 3110 1669 3177 forr.
1774 3109 1886 3159 μου
1918 3109 2012 3144 om.
2036 3093 2086 3142 V

251 3214 316 3263 15
355 3204 708 3273 ἀποκτιννύς
741 3212 1164 3265 ΜΒΗΦἙΖειτ
1201 3184 1570 3272 daromam&
1594 3213 1645 3264 V
1680 3227 1843 3279 m.pr.
1871 3201 2186 3269 ἀποκτινύς

241 3332 277 3380 l.
319 3346 338 3379 ι
375 3320 524 3393 facia
561 3348 631 3382 eae
666 3346 719 3383 ει
753 3333 799 3382 Ε
839 3299 1189 3390 ἀποκτειννὺς
1226 3330 1277 3378 Κ
1325 3319 1712 3388 ἀποκτειννῦς
1750 3330 1796 3391 Q
1833 3330 1887 3392 b,
1930 3318 2188 3377 ἀποκτα-

245 3390 351 3456 vire
389 3397 438 3446 R
612 3400 676 3449 16
721 3393 974 3466 τέττιγα]
1013 3400 1058 3449 Ρ
1102 3400 1156 3448 in
1199 3412 1358 3460 mara.
1395 3412 1483 3462 γρ.
1519 3392 1656 3448 τινά
1824 3387 2100 3460 ἠβούλετο
2137 3393 2188 3444 V

240 3480 314 3515 m.
337 3480 419 3530 pr.
446 3466 501 3515 in
524 3481 705 3531 mar-9„
743 3468 795 3516 in
817 3469 953 3516 serie
976 3465 1245 3517 uerborum
1271 3464 1474 3516 εἵλετο.
1502 3455 1773 3529 ἐβούλετο
1810 3464 1857 3524 Q
1964 3462 2028 3511 18
2053 3453 2188 3511 στά-

244 3547 351 3598 χυς
386 3531 438 3582 V
559 3525 790 3598 βλάπτω
825 3549 978 3583 erasa
1017 3537 1047 3584 ί.
1086 3549 1119 3582 ν
1156 3532 1207 3581 D
1329 3521 1473 3583 ἄλλο’
1506 3548 1560 3582 τι
1598 3533 1656 3581 Μ
1679 3530 1730 3578 D
1757 3530 1801 3578 E
1830 3530 1903 3591 H,
1931 3529 1976 3591 Q
2004 3527 2054 3576 V
2077 3529 2126 3579 R
2149 3528 2189 3579 J

203 3595 551 3663 “(com'unctic
584 3599 710 3667 um),
747 3589 944 3651 ἀλλότι
981 3601 1025 3650 Ρ
1062 3592 1257 3651 ἀλλοτι
1291 3599 1338 3648 F
1361 3598 1401 3648 Z
1426 3615 1462 3648 v
