2563 4087
419 242 504 306 50
1276 243 1335 292 V.
1373 259 1414 294 S.
1453 250 1502 296 2.

420 383 462 473 ἡ
499 387 718 472 γραῦς
754 380 975 473 τούτῳ
1012 381 1477 471 ἀπελογήσατο
1506 391 1822 457 εἰποῦσα·
1866 378 1967 474 „03
2003 385 2366 475 ἄνθρωπε,

424 484 768 574 ,,ἀκαίρως
816 492 1025 577 ζητεῖς
1073 485 1186 552 καὶ
1232 491 1470 576 κοπιᾷς
1507 496 1604 568 εἰς
1639 488 1858 576 μα’την
1905 490 2059 576 περὶ
2107 487 2357 575 αὐτῆς

422 585 645 676 ,,αὑ’τη
684 586 816 672 γὰρ
866 588 1009 653 τῶν
1061 584 1246 655 πάνυ
1298 590 1675 678 σωφρόνων
1729 594 1907 678 ἐστι’,
1943 592 2056 668 καὶ
2095 589 2177 657 οῦ
2216 596 2365 658 τῶν

424 690 751 777 ,,πορνῶν
789 713 881 766 ως
918 686 1004 754 συ
1046 687 1426 773 ε’νόμισας.“
1495 694 1609 761 καὶ
1649 690 1685 760 ὁ
1723 691 1925 780 ἀνήρ
1985 682 2085 779 ,,ὦ
2121 696 2363 779 μῆτερ,

370 824 394 864 5
426 790 593 878 »ἐὰν
628 795 1039 875 καταπείσῃς
1075 786 1292 878 αυτὴν
1325 797 1418 882 τῷ
1459 794 1592 884 ἐμῷ
1626 792 1987 882 θελήματι,
2035 790 2252 871 εὐθὺς
2292 801 2365 861 εἴ

424 919 532 980 ,,τι
569 890 858 979 ζητήσεις
894 888 1057 975 παρ’
1101 893 1302 976 ἐμοῦ,
1356 892 1656 974 εὐκόλως
1693 916 1797 963 σοι
1832 846 2238 963 οἰποὲιόσωὲί
2315 892 2369 980 ἡ

423 993 498 1062 δὲ
535 996 752 1082 γραῦς
786 992 910 1080 τὴν
947 991 1137 1059 δόσιν
1183 996 1307 1060 τοῦ
1346 1004 1635 1082 χρυσίου
1687 994 2073 1081 ἀκούσασα,
2114 994 2353 1083 ,,ε’γω“

421 1097 588 1184 φησὶ
635 1099 727 1185 τῷ
777 1091 981 1181 ἀνδρὶ
1038 1093 1210 1183 ,,τὴν
1263 1097 1634 1184 ἐπιθυμίαν
1685 1117 1809 1166 σου
1863 1097 2201 1166 ἐκτελέσω,
2277 1097 2367 1165 τὰ

425 1197 712 1284 ,,λοιπὸν
748 1194 1001 1265 ἄπελθε
1037 1194 1206 1285 πρὸς
1241 1196 1364 1265 τὸν
1401 1195 1617 1286 ἄνδρα
1657 1201 1949 1286 ἐκείνης,
1996 1199 2108 1265 καὶ
2146 1196 2358 1284 εὑρή-

344 1331 393 1369 10
425 1319 607 1387 ,,σεις
644 1296 860 1368 αὐτόν
909 1299 1374 1383 σκεπασμένον
1428 1301 1591 1385 μετὰ
1629 1300 1887 1386 ῥοῦχου
1924 1294 1990 1388 [ἢ
2028 1299 2365 1387 σινδόνην

424 1396 512 1489 ,,ἢ
553 1396 974 1486 ἐφάπλωμα].
1039 1397 1321 1485 ζήτησον
1358 1391 1486 1468 οὖν
1521 1404 1642 1470 τοῦ
1673 1406 1988 1488 πωλῆσαί
2009 1421 2111 1468 σοι
2147 1399 2329 1469 αὐτό
2346 1421 2363 1432 ’

425 1504 585 1589 „acal
623 1502 852 1588 λαβὼν
887 1499 962 1567 τὸ
994 1501 1247 1586 ῥοῦχον
1275 1502 1440 1588 φέρε
1466 1531 1578 1590 μοι
1608 1503 1807 1572 ε’δώ.“
1864 1500 1900 1570 ὁ
1931 1502 2007 1571 δὲ
2033 1503 2186 1581 νέος
2212 1500 2365 1589 ἅμα

216 1637 321 1687 p.65
340 1635 390 1675 B.
420 1607 514 1694 τῷ
569 1601 751 1693 λόγῳ
801 1600 1155 1687 πορεύεται
1202 1609 1302 1681 εἰς
1351 1604 1473 1688 τὴν
1521 1603 1782 1694 ἀγορὰν
1830 1607 1946 1672 καὶ
1997 1603 2071 1671 τὸ
2133 1607 2363 1691 σχῆμα

420 1709 543 1773 τοῦ
582 1702 833 1790 ἀνδρὸς
867 1700 1117 1790 μαθων
1169 1701 1332 1789 παρ’
1374 1705 1585 1792 αὐτῆς
1623 1708 1736 1774 καὶ
1772 1705 1847 1774 τό
1890 1704 2365 1795 ἐργαστήριον,

344 1837 392 1876 15
419 1797 588 1894 ἦλθε
621 1806 791 1892 πρὸς
829 1803 1038 1873 αὐτὸν
1074 1805 1191 1871 καὶ
1230 1807 1435 1891 λέγει’
1488 1807 1855 1895 ,,πω’λησόν
1890 1834 2002 1895 μοι
2033 1806 2188 1875 τόδε
2226 1828 2363 1876 σου

420 1906 544 1996 „vd
587 1907 915 1996 ἱμάτιον.“
993 1902 1030 1974 ὃ
1067 1905 1142 1974 δὲ
1180 1907 1590 1997 διεπώλησεν
1627 1908 1832 2001 αὐτῷ.
1896 1911 2011 1977 καὶ
2048 1907 2283 1996 λαβὼν
2322 1906 2361 1976 ὁ

418 2012 570 2091 νεός
618 2010 693 2080 τὸ
749 2015 1030 2079 ἔπιπλον
1079 2008 1414 2096 διεκόμισε
1462 2015 1546 2102 τῇ
1600 2015 1846 2100 γραΐδι.
1920 2008 1960 2098 ἡ
2013 2008 2087 2080 δὲ
2133 2015 2365 2099 γραῦς

415 2140 581 2200 μετα
618 2116 829 2203 χαρᾶς
869 2114 1071 2180 τοῦτο
1129 2112 1494 2199 δεξαμένη,
1540 2113 1761 2193 ευθυς
1807 2121 1963 2200 τρία
2009 2113 2174 2200 μέρη
2222 2116 2357 2181 τοῦ

419 2214 880 2301 σκεπάσματος
902 2216 1165 2282 ἐκείνου
1185 2215 1555 2283 κατέκαυσε
1573 2217 1686 2283 καὶ
1714 2220 1807 2306 τῷ
1839 2217 2085 2303 ἐραστῇ
2111 2220 2361 2301 ἔφησε

341 2346 391 2386 20
421 2316 694 2403 ,,κα’θου
733 2303 863 2383 ωδε
902 2316 974 2383 ἐν
1008 2317 1101 2404 τῷ
1139 2317 1272 2405 ἐμῷ
1309 2313 1636 2405 ὁσπητίῳ,
1664 2319 1778 2384 καὶ
1805 2318 2037 2404 μηδεὶς
2070 2313 2253 2394 ἕξω’
2222 2315 2358 2383 οἷν-

421 2428 743 2504 ,,θρωπος
783 2421 895 2505 ἴδῃ
935 2416 1050 2484 σεῆ
1136 2415 1210 2482 τὸ
1243 2415 1321 2483 δε
1351 2422 1632 2486 ἔπιπλον
1659 2422 1966 2506 λαβοῦσα
2005 2414 2361 2505 ἐπορεύθη

419 2521 531 2588 ἐπὶ
567 2518 691 2605 τὴν
727 2525 953 2589 οἰκίαν
988 2518 1104 2605 τῆς
1154 2518 1513 2607 γυναικός,
1560 2522 1674 2587 καὶ
1726 2522 2044 2606 ἐξαίφνης
2094 2525 2192 2598 εἰς
2227 2518 2365 2606 τὴν

418 2628 646 2691 οἰκιάν
695 2624 1100 2691 εἰσελθοῦσα
1149 2619 1263 2686 καὶ
1312 2619 1387 2687 τὸ
1436 2622 1700 2708 βλέμμα
1746 2619 2189 2699 ὑποκλέψασα
2235 2624 2363 2707 τῆς

416 2723 647 2811 κόρης,
687 2730 928 2811 ἔθηκεν
956 2719 1284 2790 ὑποκάτω
1311 2724 1433 2789 τοῦ
1465 2729 2016 2811 προσκεφαλαίου
2047 2726 2165 2808 τῆς
2194 2730 2355 2791 κλί-

341 2853 390 2894 25
416 2850 538 2912 νης
573 2827 694 2892 τοῦ
733 2822 1013 2916 ἀνδρός·
1063 2825 1177 2890 καὶ
1227 2821 1467 2911 ὀλίγην
1518 2821 1701 2911 ὤραν
1747 2827 1829 2912 τῇ
1885 2823 2158 2909 γυναικὶ
2197 2821 2358 2910 ὁμι-

555 3091 581 3138 1
621 3081 801 3139 τούτω
825 3087 873 3137 V
897 3091 958 3137 cl.
983 3088 1060 3136 D:
1100 3077 1280 3144 οὕτως
1307 3084 1446 3153 (AB)
1473 3088 1651 3143 Boiss
1757 3091 1788 3139 9
1814 3079 2063 3155 ἐκείνης]
2097 3078 2278 3168 αὐτῆς
2306 3088 2361 3136 V

418 3159 481 3208 10
519 3146 719 3241 αὐτόν]
763 3149 985 3207 ἐκεῖνον
1021 3155 1069 3204 V
1208 3150 1605 3234 σκεπασμένον
1640 3159 1675 3207 i.
1705 3171 1750 3206 e.
1792 3147 2220 3234 ἐσκεπασμένον

415 3240 560 3290 μετα
597 3219 809 3289 ρούχου
845 3225 879 3277 ἰ.
907 3239 950 3274 e.
991 3216 1199 3287 ἱματίω
1315 3211 1350 3287 ἢ
1389 3216 1665 3300 σινδόνην
1703 3214 1987 3300 (σινδόνιν
2025 3223 2093 3284 V)
2131 3211 2167 3288 ἢ
2207 3214 2359 3287 ἐφοί-

414 3293 619 3373 πλωμα
655 3294 842 3343 deleuit
868 3263 1218 3340 Bcssissonade
1328 3293 1386 3340 11
1427 3283 1670 3357 ζήτησον
1708 3277 1837 3367 οὖν]
1885 3308 1996 3340 num
2032 3291 2361 3341 adiciendum

415 3351 630 3411 αὖτόνῖ
774 3362 835 3409 12
873 3350 987 3409 ἕδῶ
1021 3361 1104 3407 uel
1138 3349 1250 3409 ἕδῶ
1288 3365 1366 3409 est
1403 3358 1506 3408 huc
1588 3395 1599 3404 .
1665 3360 1726 3408 16
1765 3357 1918 3427 αυτῷ
1954 3355 2165 3423 scripsi:
2204 3349 2363 3408 αῦτό

413 3427 559 3478 ABV
762 3430 829 3478 20
866 3419 1120 3492 ὄσπητίω
1159 3424 1250 3474 VB
1298 3417 1552 3511 ὁσπητίῳ
1593 3425 1665 3475 Α·
1703 3410 1947 3504 ὁσπιτίῳ
1983 3425 2353 3477 Boissonade.

414 3498 650 3546 hodierni
686 3497 874 3547 Graeci
909 3497 1083 3544 dicunt
1119 3501 1169 3543 et
1204 3485 1467 3544 ὁσπίτιον
1506 3500 1555 3543 et
1580 3486 1888 3558 ὁσπήτιον;
1926 3500 2043 3543 sunt
2079 3498 2229 3543 etiam
2264 3493 2362 3558 qui

428 3557 693 3640 ἢ’σπη’τιον
726 3564 962 3628 probent.
1030 3563 1141 3613 sine
1178 3562 1326 3612 dubio
1363 3569 1528 3612 autem
1574 3569 1652 3613 est
1701 3562 2000 3612 Latinorum
2047 3560 2353 3625 hospitium

2534 3847 2537 3916 ἑ

2330 3921 2537 4066 ‚A
