2563 4087
421 252 545 315 208
1241 230 1522 326 Exceffita
2492 15 2546 332 Ι

421 381 534 441 πὸν
573 385 674 441 &zv
712 381 953 454 έρευνὰς
998 384 1097 437 καὶ
1135 404 1210 437 να
1266 379 1536 454 ἐξετάζῃς
1578 388 1802 455 πρῶτον
1855 382 1963 454 τὴν
1999 378 2369 452 αλλήθειαν·

427 473 432 539 Ι
456 477 540 538 47,
569 477 596 523 1
634 472 737 539 τῆς
773 490 823 538 γ.
849 490 899 523 κ.
918 464 975 522 α’.
1003 488 1080 522 om
1110 470 1119 535 Ι
1148 473 1234 536 47,
1262 473 1296 523 8
1320 469 1420 523 καὶ
1446 469 1604 538 λέγει
1628 486 1757 525 του·
1792 468 2035 539 πρόσεχέ
2057 489 2120 523 το
2146 468 2366 536 καλλόι,

423 556 524 609 καὶ
563 550 672 622 ἐγώ
713 553 815 609 &zv
851 547 1091 623 ἄργίζω,
1131 549 1368 621 ἔρχομαι
1404 549 1658 623 γλήγορα
1687 556 1942 621 (statim)·
1991 553 2119 623 ἔτζη
2158 549 2369 622 έπήγε,

426 641 524 694 καὶ
561 633 592 693 ὁ
636 633 985 705 στρατιώτης
1013 631 1264 692 ἔκάθετο
1303 636 1389 700 εἰς
1424 635 1488 692 τὸ
1515 639 1718 709 σπῆτι,
1755 641 1856 692 καὶ
1881 635 1947 693 τὸ
1974 638 2188 707 βρέφος
2214 635 2371 692 ἐκοι-

423 723 587 792 μοὶτο.
635 725 644 790 Ι
691 728 775 785 47,
816 728 879 776 13
916 718 1197 791 ἐξαίφνης
1233 711 1422 789 ἦλθεν
1467 726 1476 790 Ι
1524 729 1611 790 47,
1658 729 1724 776 22
1780 721 1935 792 ἔτζη
1970 724 2074 777 τοῦ
2111 718 2372 792 ἕπαροὶγ-
2414 752 2423 761 -

425 813 608 879 γειλε,
648 818 702 860 ut
733 811 962 874 fortasse
1006 812 1298 861 reddiderit
1349 799 1429 861 ού
1440 827 1526 860 τω
1578 803 1680 862 τὸν
1732 802 1882 862 κύνα
1916 810 2320 876 παραγγείλας

421 898 506 959 48,
547 899 573 945 1
610 888 761 946 ὃποῦ
815 890 1049 958 ἔρχοτον
1087 892 1096 958 Ι
1134 896 1220 958 48,
1257 899 1290 945 3
1344 892 1443 945 καὶ
1496 887 1815 957 ἐσπούδαζε
1870 888 2213 960 ναρουφύση
2274 890 2371 959 (νὰ

425 973 693 1046 ῥὀυφήσῃ
743 978 1037 1047 neh-eloy)
1091 974 1155 1029 τὸ
1192 973 1339 1044 αἷμα
1383 996 1486 1030 του
1551 979 1561 1044 Ι
1608 983 1692 1042 48,
1731 983 1763 1030 5
1818 977 1902 1039 εἰς
1966 974 2199 1045 έκεῖνῃν
2257 973 2369 1044 τήν

425 1057 617 1129 ὤρανΙ
656 1067 739 1127 48,
779 1066 810 1114 9
846 1062 946 1114 καὶ
982 1055 1151 1130 μετὰ
1188 1062 1453 1115 πολλοῦ
1487 1062 1725 1130 θυμοῦ
1771 1056 1969 1127 κρούει
2012 1061 2112 1114 καὶ
2149 1060 2371 1114 σκοταί-

425 1165 515 1200 νει
567 1165 668 1200 τον
715 1148 724 1213 Ι
771 1150 856 1211 48,
898 1151 976 1198 11.
1042 1151 1103 1197 12
1162 1145 1261 1198 καὶ
1304 1187 1353 1201 ..
1399 1145 1693 1214 κείμενον]
1752 1146 1853 1199 καὶ
1904 1141 1970 1198 τὸ
2025 1146 2161 1212 φίὸι
2219 1147 2281 1212 (ι’.
2324 1167 2372 1200 e.

427 1225 691 1299 ὀφίὸιον)
729 1228 1088 1297 σκοτωμένον
1126 1227 1271 1296 σιμοί
1306 1248 1408 1283 του
1445 1232 1567 1297 (scr.
1606 1225 1762 1297 συμοί
1797 1233 1977 1295 vot-2²).
2026 1223 2154 1283 τότε
2194 1225 2373 1297 ἐγνώ-

425 1333 547 1382 ρισε
570 1316 691 1382 (καὶ
715 1318 800 1378 48,
828 1320 891 1367 12
917 1334 1020 1366 ηοη
1043 1323 1123 1366 εει
1155 1319 1449 1367 ἀεῑεηιίιιηιε
1477 1335 1524 1371 u.
1552 1320 1602 1374 5,
1632 1316 1718 1382 19)
1750 1316 1758 1381 Ι
1788 1319 1873 1380 48,
1900 1319 1965 1366 14
1985 1314 2088 1367 καὶ
2116 1310 2370 1368 ἔκλαυσε

425 1400 664 1468 πικρῶς,
719 1397 819 1452 καὶ
869 1393 1140 1466 ἐλυπύθη
1193 1398 1295 1451 καὶ
1339 1392 1666 1468 ἔδέρνετον,
1723 1398 1842 1459 πῶς
1879 1400 2048 1467 χωρίς
2086 1392 2370 1465 ἀφορμὴν

428 1480 528 1537 τὸν
565 1478 875 1537 έσκοτωσεν
912 1479 1059 1536 ὀποῦ
1097 1471 1237 1549 ἦτον
1269 1484 1486 1550 πολλῆς
1521 1483 1693 1551 τιμῆς
1731 1476 1912 1548 ἄξιος.
1944 1483 2067 1548 148,
2105 1487 2170 1535 21
2212 1477 2372 1551 ὅμως

426 1565 651 1628 ἐκεῖνος
686 1562 1033 1633 έμετάνόησε
1071 1566 1170 1619 καὶ
1197 1561 1468 1636 ἐλυπήθη
1511 1567 1613 1620 δια
1637 1564 1742 1621 τὸν
1777 1562 2024 1634 σκύλων,
2063 1558 2167 1635 εἰμι
2195 1563 2371 1636 (εἰμὴ)

428 1646 554 1713 ἐσύ,
589 1646 769 1703 πόσον
804 1649 1004 1711 θέλεις
1055 1644 1382 1719 μετανοήσῃ
1430 1648 1532 1703 διὰ
1586 1645 1718 1704 υἱὸν
1753 1654 2101 1720 μονογεννῆ·
2148 1650 2258 1704 καὶ
2295 1647 2371 1705 νά

427 1727 822 1802 ἆναστεναξης
838 1728 1041 1802 πικρὸς
1056 1734 1225 1799 (..ὦς)
1237 1734 1337 1788 καὶ
1358 1728 1475 1788 ἀπὸ
1497 1730 1604 1803 τὴν
1621 1732 1807 1803 λύπην
1831 1752 1935 1788 σου
1953 1755 2027 1789 να
2047 1728 2371 1804 ἀποθάνῃς

427 1821 526 1873 καὶ
564 1817 664 1874 ὃὲν
684 1817 864 1887 θέλῃς
883 1812 1153 1885 ὁφελεθή
1188 1820 1395 1872 τίποτα
1421 1820 1528 1888 (42,
1555 1820 1642 1886 20)
1662 1834 1673 1846 ·
1729 1819 1827 1872 καὶ
1848 1821 1910 1873 τί
1940 1812 2268 1887 ἀπολογίαν
2297 1840 2371 1875 να

428 1904 615 1974 ὃαὶσῃς
652 1899 752 1958 διὰ
792 1898 900 1971 τὴν
923 1896 1211 1958 ὑπόθεσιν
1247 1895 1449 1971 αὐτήν.
1507 1894 1659 1970 ὅμως
1682 1902 1831 1971 θέλῃ
1871 1899 2023 1957 εἷσαι
2049 1906 2177 1968 (..ει
2204 1895 2371 1973 ἧσαι)

428 1986 822 2057 ὀνειδισμένος
846 1981 960 2041 ἀπὸ
982 1979 1149 2051 ὅλους
1167 1982 1302 2050 τούς
1330 1981 1696 2056 ἀνθρώπους.
1735 1985 1942 2041 λοιπὸν
1974 1980 2231 2042 ἄκουσον
2268 1989 2371 2042 καὶ

427 2070 483 2132 a’.
521 2076 575 2128 ὃ.
613 2094 670 2132 π.
718 2075 728 2142 Ι
774 2079 860 2142 49,
899 2079 928 2127 7
974 2073 1073 2128 καὶ
1117 2069 1289 2126 τόσον
1334 2063 1499 2140 ἦτον,
1541 2065 1631 2128 ὅτι
1670 2064 1812 2127 ὅταν
1851 2066 2062 2141 ἤκουεν
2108 2076 2118 2132 Ι
2169 2078 2262 2142 49,
2306 2081 2368 2128 12

429 2151 556 2227 ἥτις
583 2204 594 2215 .
623 2200 633 2212 .
661 2161 847 2226 χῳρίῳ
883 2178 987 2221 οηις
1025 2157 1124 2211 καὶ
1162 2154 1346 2211 στέλει
1390 2161 1738 2226 μαυλίστρια
1777 2159 1786 2224 Ι
1824 2163 1907 2220 49,
1950 2163 2011 2210 16
2050 2151 2191 2213 οῦδὲ
2230 2155 2370 2220 τούς

430 2237 817 2311 φοβερισμούς
854 2262 954 2296 του
1004 2247 1013 2306 Ι
1059 2249 1143 2307 49,
1184 2247 1244 2296 18
1281 2243 1383 2295 καὶ
1420 2237 1450 2295 ὃ
1499 2236 1710 2309 πόρνος
1758 2238 1984 2304 ἐκεῖνος
2021 2239 2126 2296 &zv
2165 2238 2368 2311 έμετὰ·

430 2322 603 2395 νόησε
656 2320 730 2378 να
785 2321 1102 2395 ἐπιστρέψῃ
1156 2322 1257 2379 τὸν
1315 2322 1584 2394 λογισμόν
1620 2345 1723 2380 του
1770 2336 1780 2396 Ι
1825 2332 1911 2392 49,
1948 2331 2015 2379 24
2067 2327 2168 2380 καὶ
2208 2325 2369 2397 λέγει

427 2431 551 2481 της
589 2400 696 2464 ὅλα
745 2411 753 2478 Ι
801 2414 883 2473 50,
924 2415 948 2461 1
990 2410 1089 2463 καὶ
1128 2402 1274 2477 αύτῆ
1317 2404 1615 2478 ἀπεκρίθη
1653 2410 1748 2464 καὶ
1792 2410 1943 2479 λέγει
1980 2429 2100 2464 του
2148 2412 2159 2478 Ι
2208 2417 2300 2481 50,
2340 2418 2369 2466 7

427 2491 493 2552 τὸ
532 2495 786 2564 δαῖσιμον
824 2495 942 2562 (om.
982 2494 1084 2547 τοῦ
1121 2496 1228 2561 χρ.)
1261 2497 1270 2557 Ι
1300 2498 1382 2557 50,
1414 2499 1476 2547 10
1513 2496 1611 2549 καὶ
1648 2494 1844 2556 θέλεις
1889 2490 1995 2549 τὸν
2031 2491 2178 2561 εὖρῆ
2212 2490 2370 2550 ὀποῦ

428 2581 650 2650 πουλῆ
689 2576 870 2649 ὁοῦχα
905 2579 1004 2633 καὶ
1042 2572 1432 2645 παπλώματα·
1469 2579 1569 2632 καὶ
1595 2574 1804 2648 ζήτησέ
1828 2597 1932 2633 του
1969 2599 2042 2633 να
2078 2580 2183 2633 σοῦ
2220 2573 2371 2634 πού·

429 2663 571 2735 λη’ση
609 2663 875 2720 κανένα
911 2665 1203 2732 (aliquod)=
1239 2665 1413 2731 ulique
1448 2669 1605 2731 mayis
1628 2668 1925 2731 perspicue,
1960 2668 2058 2717 sed
2090 2670 2265 2718 nescio
2306 2685 2370 2718 an

428 2758 491 2805 de
528 2756 822 2805 coniectura
857 2752 1234 2814 metaphrastae
1264 2750 1273 2812 Ι
1304 2753 1388 2811 50,
1418 2752 1482 2800 14
1504 2741 1620 2801 ἀπὸ
1666 2743 1773 2816 τὴν
1828 2754 2215 2817 κακογραῖαν
2263 2750 2366 2803 καὶ

428 2832 499 2889 τὸ
540 2826 763 2900 ὄνομα
799 2833 898 2886 τοῦ
937 2825 1151 2899 ἀνδρὸς
1187 2833 1287 2885 καὶ
1324 2827 1387 2885 τό
1427 2848 1474 2885 σ.
1512 2833 1610 2885 καὶ
1648 2828 1712 2886 τό
1752 2827 1795 2886 ἔ.
1825 2838 1834 2899 Ι
1865 2838 1948 2898 50,
1988 2838 2049 2886 15
2085 2834 2263 2887 τοῦτο
2303 2829 2369 2887 τὸ

429 2916 641 2987 ῥὀῧχον
680 2918 797 2982 (om.
837 2918 961 2984 σου)
993 2917 1003 2984 Ι
1033 2923 1117 2985 50,
1142 2921 1203 2969 16
1240 2916 1340 2969 καὶ
1377 2912 1596 2980 ἐκεῖνος
1631 2911 1696 2970 τὸ
1734 2914 1976 2988 ἔδωκαι·
2010 2920 2019 2983 Ι
2073 2922 2155 2981 50,
2196 2922 2262 2971 19
2305 2915 2370 2972 τὸ

432 3023 614 3136 &zama
652 3068 737 3132 εἰς
773 3077 927 3137 τρεῖς
965 3065 1179 3131 τόπους
1216 3080 1265 3122 ec
1301 3075 1435 3133 53‚9
1457 3068 1519 3122 τὸ
1557 3066 1753 3133 ἔκαψα
1787 3069 1870 3131 εἰς
1889 3075 2043 3136 τρεῖς
2079 3063 2300 3133 τόπους
2321 3083 2372 3124 et

429 3160 511 3220 54,
557 3160 585 3207 7
628 3153 766 3217 τοὺς
814 3149 1026 3216 τόπους
1081 3159 1091 3218 Ι
1145 3150 1231 3218 50,
1276 3157 1343 3206 24
1386 3144 1658 3207 ἆπόκάτω
1701 3149 1785 3215 εἰς
1843 3147 1907 3207 τὸ
1945 3172 2037 3220 πρ,
2074 3157 2164 3220 (ef.
2204 3158 2294 3221 53,
2337 3162 2367 3209 8

428 3232 631 3293 ἇπᾶνω
672 3239 778 3307 εἰς)
811 3241 819 3306 Ι
851 3244 934 3306 51,
973 3244 1004 3292 5
1042 3232 1346 3305 ἕσύκωσεν,
1386 3250 1439 3291 ut
1471 3243 1587 3303 fere
1622 3241 1802 3306 ubique
1857 3241 1865 3304 Ι
1908 3242 1991 3303 51,
2026 3243 2060 3290 6
2095 3239 2198 3292 καὶ
2234 3238 2371 3307 βλέ-

426 3345 525 3380 πει
561 3326 653 3379 noc}
700 3322 854 3380 εἶναι
892 3316 1006 3377 ἀπὸ
1044 3317 1227 3388 κάτω,
1265 3320 1332 3378 τὸ
1371 3322 1422 3391 ὅ.
1454 3325 1462 3390 Ι
1494 3329 1577 3390 51,
1619 3328 1682 3375 16
1727 3322 1827 3375 καὶ
1866 3316 2079 3390 ὖποίγει
2118 3323 2219 3375 καὶ
2256 3326 2370 3392 τὴν

432 3403 707 3479 εὗρίσκει·
744 3410 851 3463 καί
881 3401 1162 3477 ἐκαμῶθῃ
1196 3411 1319 3471 πῶς
1356 3403 1616 3478 μεγάλως
1652 3401 1916 3462 ἕλύποὶτω
1969 3409 1978 3474 Ι
2020 3410 2106 3473 51,
2146 3412 2209 3461 17
2245 3410 2371 3469 πῶς

429 3491 459 3547 ὁ
500 3489 720 3562 ἄνδρας
759 3510 860 3546 σου
892 3498 899 3558 Ι
932 3500 1014 3559 51,
1045 3497 1107 3544 18
1133 3494 1232 3546 καὶ
1268 3489 1473 3563 ἤξευρε
1510 3494 1630 3554 πῶς
1667 3487 1702 3561 ἡ
1742 3487 1910 3560 έδική
1936 3508 2039 3545 σου
2077 3489 2230 3561 λύπη
2269 3493 2371 3546 καὶ
