2563 4087
2004 246 2126 310 173

163 387 337 474 μάν.
412 386 655 454 λοιπὸν
689 384 1011 474 οὐδαμῶς
1049 405 1175 455 σου
1212 385 1648 476 ἀπόσχωμαι,
1699 391 1821 468 ἕως
1864 384 1953 456 ἂν
2001 387 2125 456 τὸν

162 493 308 557 ἕνα
337 509 465 556 σου
498 485 743 566 ἐξελῶν
779 484 1146 575 ὀφθαλμὸν
1173 488 1487 578 περιάψω
1521 516 1654 576 μου
1692 494 1787 580 τῷ
1814 489 2129 583 μετῶπω,

159 587 216 676 ἢ
268 590 383 659 διὰ
434 588 654 678 πάσης
705 609 829 658 6ου
884 589 1243 679 ἆναρρύσῃ
1294 592 1414 677 τῆς
1467 599 1878 679 περιουσίας.
1961 590 1999 659 ὁ
2048 591 2126 661 δὲ

167 691 574 779 καθηγητής
630 684 647 711 ‘
668 690 833 760 οὐδὲ
886 691 977 761 σύ
1023 694 1108 778 γέ
1145 717 1209 759 τι
1253 691 1712 782 κατῶρθωσας
1742 691 1769 726 ·’
1851 698 1977 781 ἔφη
2032 692 2131 762 ἐἰ

163 793 315 882 γὰρ
367 791 549 871 δόξει
595 791 783 884 αύτῷ
837 791 1251 883 ἄντιφράσαι
1301 813 1406 861 σοι
1456 791 1549 873 ῶς
1600 795 1981 884 ,,πρότερον
2027 801 2127 875 εἰς
2177 823 2204 863 5

169 895 520 964 σύστασιν
553 898 670 981 τῆς
704 895 1017 983 τοιαύτης
1056 915 1182 964 σου
1220 893 1605 983 προτάσεως
1643 899 1829 978 ἔξελέ
1851 917 1977 966 σου
2004 897 2129 966 τὸν

171 1000 306 1065 ἕνα
354 997 603 1065 τοῦτον
652 992 736 1064 ὃν
788 1002 954 1083 ἔχεις
999 994 1400 1084 ὀφθαλμόν,
1451 995 1640 1083 κάγῶ
1691 997 1759 1066 δ’
1805 995 2127 1077 ῶσαύτως

165 1098 486 1187 θάτερον
533 1101 674 1167 τῶν
723 1101 905 1186 ἐμῶν
958 1101 1220 1187 ἐκβαλῶ
1270 1097 1688 1186 ὀφθαλμῶν,
1751 1101 1865 1168 καὶ
1923 1098 2128 1187 ἄμφω

171 1207 670 1288 σταθμίσωμεν
717 1199 1003 1280 αὐτούς·
1057 1202 1170 1269 καὶ
1221 1209 1287 1271 εί
1318 1200 1444 1287 μὲν
1484 1200 1886 1288 ίσόσταθμοι
1918 1199 2127 1287 ἀλλή-

170 1310 323 1382 λοις
363 1301 758 1392 εύρηθεῖεν,
808 1300 1102 1390 εὔδηλον
1137 1299 1237 1370 ὅτι
1272 1328 1350 1388 γε
1385 1301 1503 1382 σός
1541 1305 1720 1371 ἐστιν
1757 1300 1794 1370 ὁ
1834 1301 1992 1388 ἐμὸς
2029 1298 2127 1381 εἷς
2155 1330 2206 1370 ιο

171 1403 551 1491 ὀφθαλμός
572 1423 587 1436 ·
633 1409 699 1472 εἰ
720 1405 806 1473 δέ
824 1430 923 1484 τις
951 1407 1090 1471 τῶν
1120 1397 1667 1492 σταθμιζομένων
1697 1404 1826 1473 δύο
1854 1401 2130 1490 ὀφθαλ-

174 1508 335 1593 μῶν
371 1504 752 1594 βαρύτερος
786 1506 911 1573 τοῦ
955 1505 1185 1593 ἑτέρου
1226 1509 1304 1574 ἐν
1337 1508 1421 1594 τῇ
1460 1508 1584 1574 τοῦ
1620 1509 1828 1592 ζυγοῦ
1882 1512 2129 1592 φανείη

176 1606 572 1693 πλάστιγγι,
612 1603 871 1675 οὔκουν
908 1606 1027 1686 σός
1067 1609 1246 1675 ἐστιν
1283 1604 1319 1674 ὁ
1358 1606 1651 1696 θάτερός
1686 1634 1819 1694 μου
1856 1604 2131 1694 ὀφθαλ-

171 1708 353 1796 μός,
415 1707 592 1776 ἄλλα
654 1710 916 1796 μᾶλλον
976 1709 1089 1776 καὶ
1152 1705 1338 1799 ὑπὲρ
1396 1710 1516 1794 τῆς
1579 1706 1794 1778 αὐτοῦ
1853 1712 2132 1798 ἐκβολῆς

175 1809 393 1890 ἀξίως
445 1808 870 1897 εύθυνθήσῃ.
878 1809 923 1843 “
1007 1816 1073 1878 εἰ
1117 1800 1247 1878 οὗν
1292 1810 1512 1878 ταῦτά
1565 1829 1670 1879 σοι
1727 1810 2128 1892 ἄντιλέξειεν
2156 1836 2207 1876 15

171 1911 583 1999 ὁέμπορος,
622 1910 777 1998 οὐχὶ
808 1909 1026 1998 πάντη
1056 1931 1130 1979 σε
1156 1910 1508 1981 αποπείσει
1532 1917 1655 1998 τῆς
1683 1908 2126 1990 ἀντιθέσεως·
2111 1964 2128 1994 ,

177 2013 404 2083 καὶτὸ
438 2013 522 2099 δὴ
549 2008 974 2102 χείριστον,“
937 2037 1037 2080 οτι
1064 2039 1141 2099 γε
1167 2012 1415 2083 τού-του
1448 2014 1558 2084 ἐπὶ
1586 2015 1696 2083 σοὶ
1725 2014 2124 2101 γενομένου,

173 2114 277 2184 σύ
316 2114 445 2202 μὲν
479 2116 710 2183 τέλεον
736 2113 1261 2204 άποστερηθήσῃ
1291 2118 1409 2202 τῆς
1437 2113 1737 2204 ὁράσεως
1766 2116 1882 2184 καὶ
1911 2114 2130 2202 πάντη

173 2216 442 2304 γενήσῃ
479 2214 849 2304 άόμματος,
888 2207 1090 2296 οὗτος
1127 2211 1203 2285 δὲ
1241 2220 1363 2285 ἕνα
1397 2218 1536 2284 τῶν
1577 2218 1823 2286 ἑαυτοῦ
1858 2214 2132 2304 ὀφθαλ-

176 2322 335 2407 μῶν
384 2315 676 2406 ὕστερον
728 2324 936 2404 ἔχων,
989 2318 1191 2386 πάλιν
1236 2318 1315 2386 τὸ
1366 2321 1517 2406 φῶς
1551 2322 1874 2408 καθορῶν
1914 2316 2124 2387 ἔσταιῖ
2155 2343 2207 2382 20

177 2420 360 2507 πρὸς
406 2425 634 2488 ταῦτα
674 2416 710 2487 ὅ
760 2418 1249 2508 μονόφθαλμος
1298 2434 1507 2508 μῖμος·
1548 2419 1919 2509 ὑπολαβών
1954 2421 2132 2505 λέγει
2157 2445 2306 2492 p.109

172 2524 282 2613 τῷ
319 2524 713 2610 καθηγητῇ·
767 2520 945 2588 ἀλλ’
987 2518 1114 2589 οὐκ
1153 2523 1263 2591 ἐπὶ
1299 2524 1631 2591 τοσοῦτον
1667 2525 2056 2607 πανοῦργος
2092 2519 2130 2585 ὁ

182 2630 484 2712 ἔμπορος
535 2614 773 2707 οὗτος,
830 2621 922 2702 ῶς
969 2623 1238 2691 τοιάνδε
1284 2650 1397 2710 μοι
1443 2624 1740 2710 πιθανὴν
1809 2620 2133 2710 αντιπρο-

177 2726 441 2793 θέσθαι
468 2722 884 2811 άπολογίανῖ
934 2724 1200 2792 τούτων
1228 2751 1409 2794 ουτω
1438 2724 1620 2813 παρά
1639 2751 1711 2792 τε
1736 2729 1878 2793 τῶν
1905 2729 2134 2811 μίμων

181 2828 301 2894 καὶ
338 2830 462 2895 τοῦ
504 2823 741 2894 αὐτῶν
775 2831 1167 2914 καθηγητοῦ
1206 2827 1648 2913 λαλουμένων
1680 2853 1752 2895 τε
1788 2827 1900 2896 καὶ
1940 2824 2132 2893 ἆντι-
2160 2850 2212 2892 25

177 2928 725 3015 φθεγγομένων,
773 2925 1067 3017 ἠκροᾶτο
1113 2924 1297 3016 μα’λα
1342 2929 1567 3007 καλῶς
1615 2930 1728 2997 καὶ
1781 2935 2133 3015 λαθραίως

184 3028 348 3118 παρ’
391 3026 559 3117 ὅλην
599 3031 866 3118 ἐκείνην
901 3030 1025 3116 τὴν
1060 3029 1276 3099 νύκτα
1313 3028 1350 3098 ὁ
1392 3036 1681 3118 ἔμπορος
1717 3032 1831 3099 καὶ
1866 3033 1951 3117 τῇ
1986 3034 2131 3117 ἰδίᾳ

179 3133 401 3199 ταῦτα
475 3131 831 3221 συνετήρει
900 3136 1170 3222 καρδίᾳ.
1285 3137 1544 3220 πρωΐας
1616 3130 1694 3200 δὲ
1761 3133 2131 3219 γενομένης

310 3296 335 3343 1
358 3286 715 3360 ἆπόσχομοιιε
741 3298 1108 3347 coniunctiuu'm
1125 3312 1209 3361 qut
1226 3294 1476 3358 stitutum
1492 3296 1604 3346 loco
1622 3297 1828 3347 restitut·
1911 3287 2134 3355 ὅδόξοι.

178 3362 257 3423 ef.
296 3365 380 3424 22,
419 3365 485 3412 22
601 3364 635 3412 6
664 3353 956 3441 σύστασις]
983 3365 1299 3427 confirmatio
1416 3365 1475 3413 11
1506 3358 1623 3440 εἷςῗ
1741 3364 1804 3413 16
1830 3354 2134 3426 ἄποπείσῃ.

185 3429 497 3481 deterrebit
609 3432 677 3481 20
710 3423 887 3482 πάλιν
922 3431 993 3494 cf.
1031 3433 1248 3493 108,19
1365 3432 1431 3482 23
1467 3422 1705 3481 τοιάνδε
1739 3430 1811 3491 οΓ.
1837 3432 1951 3491 3,1
2069 3428 2137 3477 25

176 3491 448 3562 ἅντιφθε
488 3490 746 3563 γομένων
782 3500 1165 3550 derivanduma
1190 3516 1239 3554 u.
1265 3490 1644 3565 άντιφθέγγω
1747 3498 1813 3554 28
1838 3486 2137 3560 συνετήρει

181 3563 255 3631 τῇ
284 3563 436 3632 καρδ
464 3562 531 3635 α]
574 3566 710 3617 Luc.
746 3568 795 3629 2,
840 3569 918 3617 19.
955 3568 1038 3622 51.
1075 3568 1221 3618 Dan.
1259 3571 1308 3630 7,
1347 3568 1429 3618 28.
1465 3567 1610 3630 infra
1648 3565 1763 3628 176,
1798 3567 1833 3614 4
