2563 4087
327 913 513 994 Quos
549 912 752 977 libros
792 914 922 976 iam
954 906 1209 977 duobus
1252 912 1695 978 uoluminibus
1728 914 2146 1001 comprehen-

205 1036 304 1079 sos
377 1013 577 1078 edere
645 1014 922 1095 institui,
991 1015 1337 1100 Syntipam
1404 1014 1573 1097 dico,
1642 1016 1891 1102 Aesopi
1955 1016 2147 1098 uitaS,

206 1114 637 1202 Stephaniten
679 1125 742 1179 et
771 1113 1155 1179 Ichnelaten
1206 1152 1274 1162 -
1329 1115 1589 1201 quibus,
1639 1118 1697 1179 si
1743 1139 1858 1202 per
1902 1115 2145 1181 colum-

205 1239 317 1281 nas
364 1215 616 1299 licebit,
663 1214 991 1281 addentur
1036 1215 1907 1303 Callisthenespersonatus
1955 1227 2020 1281 et
2062 1217 2145 1281 de

204 1317 550 1382 Barlaamo
617 1317 909 1382 narratio
948 1320 1044 1365 '—
1107 1340 1219 1383 eos
1265 1317 1380 1383 illo
1426 1327 1743 1402 tempore,
1804 1339 1930 1403 quo
1999 1340 2146 1382 cum

205 1417 461 1484 litterae
508 1417 806 1483 Graecae
852 1410 1040 1504 'ipsae
1096 1440 1361 1504 prorsus
1410 1431 1632 1503 essent
1682 1418 1871 1505 quasi
1917 1419 2146 1483 effetae

207 1530 267 1584 et
310 1519 894 1604 decrepitae‚·tum
929 1520 1166 1583 Asiani
1211 1529 1276 1584 et
1308 1521 1546 1585 Graeci
1592 1522 1975 1585 commercio
2005 1521 2147 1585 ,fre-

206 1623 544 1705 quentiore
608 1620 870 1684 misceri
937 1631 1324 1706 coeperunt,
1393 1621 1463 1684 id
1526 1631 1625 1686 est
1690 1621 1948 1687 saeculo
2007 1621 2146 1686 fere

205 1722 476 1804 decimo,
550 1743 633 1785 ex
678 1721 927 1786 oriente
984 1724 1052 1785 in
1097 1713 1503 1787 occidentem
1556 1723 1933 1808 peruenisse
1996 1745 2146 1787 con—

206 1833 351 1887 stat.
443 1844 656 1907 neque
698 1820 909 1887 solum
952 1823 1195 1908 integri
1239 1822 1338 1888 illi
1381 1823 1555 1905 libri,
1601 1847 1717 1910 per
1749 1824 2147 1911 Byzantium

205 1926 621 2008 potissimum
676 1925 955 2006 inuecti,
1013 1924 1190 2008 apud
1243 1925 1549 2012 Europae
1607 1946 1862 2010 quoque
1918 1935 2144 2009 gentes

201 2024 555 2113 populares
612 2026 778 2091 facti
833 2034 1005 2107 sunt,
1067 2027 1186 2091 sed
1241 2029 1438 2091 etiam
1486 2026 2016 2091 narratiunculae
2061 2050 2146 2090 ex

203 2125 328 2192 illis
384 2128 637 2213 petitae
680 2150 829 2193 cum
882 2129 950 2191 in
995 2126 1362 2213 conloquiis
1420 2128 1686 2193 auditae
1743 2136 1960 2191 essent
2014 2130 2145 2191 sin-

204 2226 391 2311 gulae
441 2249 481 2291 a
525 2228 802 2313 singulis
861 2229 1236 2294 hominibus
1295 2230 1360 2294 in
1411 2230 1742 2317 Europam
1786 2227 2145 2294 translatae

206 2339 380 2394 sunt:
447 2330 622 2394 unde
665 2329 913 2396 factum
974 2341 1076 2397 est
1116 2340 1190 2395 ut
1248 2352 1365 2417 per
1419 2352 1643 2395 omnes
1698 2331 2146 2416 exemplorum

206 2431 340 2495 siue
368 2432 820 2497 narrationum
850 2430 1260 2496 nouellarum
1296 2441 1370 2496 ut
1413 2432 1598 2496 aiunt
1639 2430 1843 2497 libros
1873 2431 2143 2496 Latinos

204 2530 404 2597 Italos
451 2531 978 2618 Francogallicos
1032 2532 1366 2618 Hispanos
1413 2534 1841 2599 Germanicos
1899 2533 2178 2620 disper·⁴

207 2653 312 2697 sae
358 2635 514 2698 sint.
590 2653 674 2698 ex
718 2633 992 2699 Graecis
1039 2643 1256 2699 autem
1302 2633 1490 2699 libris
1534 2632 1985 2720 popularibuS,
2033 2635 2147 2720 qui

205 2734 472 2818 quidem
519 2756 817 2799 sermone
878 2735 1166 2821 pedestri
1211 2735 1565 2820 conscripti
1610 2745 1781 2818 sunt,
1829 2737 2145 2822 antiquis-

208 2835 440 2898 simam
497 2858 641 2900 esse
698 2836 780 2899 de
827 2836 1109 2922 Syntipa
1163 2838 1626 2919 narrationem,
1685 2859 1853 2923 quae
1896 2847 2145 2901 nostra-

206 2934 384 2999 tibus
430 2946 532 3001 est
581 2938 699 3002 das
740 2938 928 3003 Buch
971 2958 1093 3004 von
1136 2939 1255 3002 den
1297 2938 1504 3003 sieben
1545 2941 1770 3004 weisen
1813 2938 2141 3021 Meistern,

205 3046 381 3101 recte
429 3036 603 3103 dixit
633 3036 1000 3103 Guilelmus
1031 3039 1326 3123 Wagner
1359 3039 1708 3125 (Medieval
1739 3039 1940 3105 Greek
1968 3044 2139 3119 bercta

193 3142 353 3217 part
397 3138 456 3202 I.
506 3139 776 3205 London
804 3144 974 3208 1870
1006 3162 1077 3222 p.
1113 3141 1360 3226 XVI).
1434 3143 1575 3206 iure
1621 3143 1979 3227 meritoque
2022 3141 2145 3226 igi-

202 3248 310 3300 tur
354 3240 630 3304 mireris·
663 3243 802 3306 eius
847 3240 1092 3304 nullam
1147 3243 1291 3307 fieri
1346 3244 1758 3308 mentionem·
1800 3243 1883 3308 ab
1929 3244 2011 3307 E.
2056 3245 2139 3307 A.

203 3337 554 3424 Sophocle,
628 3364 1021 3428 quamquam
1092 3344 1442 3428 magnifico
1514 3344 1670 3409 libri
1734 3367 1866 3409 non
1932 3345 2143 3427 magis

201 3439 408 3525 ampli
452 3463 643 3526 quam
686 3444 900 3528 inanis
947 3444 1086 3530 (qui
1132 3445 1303 3509 male
1347 3467 1506 3511 sano
1549 3448 1859 3511 uenditur
1901 3446 2142 3531 pretio)

200 3538 399 3605 titulo
452 3543 798 3626 'profitetur
857 3568 927 3610 se
982 3547 1198 3611 omnia
1253 3546 1576 3611 voeabula
1631 3570 1797 3633 quae
1850 3546 2006 3609 inde
2058 3548 2142 3608 ab
