2563 4087
434 314 443 321 .
480 257 601 321 118
1352 259 1504 309 v111.

472 408 727 488 καθίσῃ
767 401 882 467 καὶ
933 406 1031 478 είς
1081 403 1306 467 πᾶσαν
1346 401 1790 488 ἐκπομπευθῇ
1842 397 1968 484 τὴν
2005 401 2242 487 πόλιν,
2282 399 2397 468 δύο

475 500 550 570 δὲ
588 502 875 589 κήρυκες
917 499 1083 589 [ἤτοι
1118 500 1523 589 πλατζάριοι]
1558 501 1980 589 πορεύωνται
2013 499 2159 588 μετ’
2198 500 2401 586 αὐτῆς

478 603 868 690 ἔμπροσθέν
903 629 973 670 τε
1008 605 1121 670 καὶ
1173 600 1496 690 ὄπισθεν,
1532 603 1646 671 καὶ
1684 600 1851 691 (δεῖ)
1889 604 2109 688 λέγειν
2160 601 2402 681 αὐτούς

478 706 676 792 φωνῇ
714 703 972 792 μεγάλῃ
1012 726 1180 773 ωστε
1217 705 1475 784 πάντας
1512 703 1817 790 ἀκούειν,
1853 714 1997 773 εἴτι
2033 702 2165 790 ἄρα
2200 704 2401 773 κακὸν

427 834 452 870 5
479 802 649 893 αὕτη
687 804 1099 893 εἴργασταιῆί
1156 803 1375 885 οὕτως
1413 807 1723 886 εἰπόντος
1757 811 1883 875 τοῦ
1918 808 2082 874 υἱοῦ
2122 812 2249 875 τοῦ
2284 813 2401 894 βα-

277 883 454 931 P'm
476 908 744 993 σιλὲως,
782 905 1154 995 ηὐφράνθη
1193 907 1228 976 6
1265 907 1581 995 βασιλεὺς
1617 910 1732 975 καὶ
1771 909 2018 987 πάντες
2058 912 2131 976 οἱ
2159 905 2401 996 ἄρχον-

473 1035 578 1087 τες
637 1010 1045 1096 ἐστερέωσαν
1111 1009 1192 1077 τά
1264 1011 1681 1096 λαληθέντα,
1752 1007 2238 1095 ἀποδεξάμενοι
2290 1007 2401 1093 τὴν

472 1107 792 1197 τοιαύτην
827 1112 1103 1198 βουλήν.
1160 1109 1196 1179 6
1234 1109 1312 1179 δὲ
1337 1110 1656 1198 βασιλεύς
1684 1132 1848 1198 φησι
1882 1110 2054 1198 πρὸς
2088 1108 2212 1179 τὸν
2248 1110 2399 1179 υίόν

474 1210 726 1280 αὐτοῦ·
769 1203 870 1298 ,,ὧ
906 1214 1170 1299 τέκνον,
1220 1214 1441 1290 καλῶς
1489 1211 1860 1298 λελάληκας
1894 1215 2010 1280 καὶ
2049 1219 2392 1300 φρονίμως

396 1342 446 1381 10
473 1312 638 1400 ἡμῖν
659 1312 1223 1400 συνεβούλευσας.
1264 1312 1503 1381 λοιπὸν
1521 1315 1827 1399 γενέσθω
1852 1312 1956 1383 ἐπ’
1981 1311 2159 1400 αὐτῇ
2181 1312 2398 1391 καθώς

472 1413 508 1483 6
546 1414 700 1493 υἱός
736 1440 868 1501 μου
906 1413 1068 1501 ἡμῖν
1105 1414 1758 1502 συνεβουλεύσατο.“
1842 1417 1957 1483 καὶ
2004 1412 2140 1500 ἅμα
2187 1416 2397 1483 πάντα

477 1519 738 1601 ἐγένετο
789 1512 896 1583 ἐπ’
942 1519 1165 1604 ἐκείνῃ
1216 1519 1302 1604 τῇ
1358 1521 1624 1605 πονηρᾷ
1673 1518 1945 1601 γυναικὶ
1997 1514 2123 1585 ὅσα
2173 1514 2210 1583 6
2260 1518 2399 1594 νέος

470 1619 591 1684 τοῦ
628 1617 954 1703 βασιλέως
991 1617 1144 1697 υίὸς
1182 1618 1787 1704 συνεβουλεύσατο.

632 1715 802 1787 Εἶτά
838 1736 1042 1806 φησιν
1077 1716 1113 1787 6
1149 1715 1467 1806 βασιλεύς
1514 1721 1608 1809 τῷ
1661 1718 2015 1808 φιλοσόφῳ
2055 1727 2396 1807 Συντίπᾳ·

400 1846 448 1885 15
481 1820 933 1906 ,,φανε’ρωσόν
966 1847 1102 1907 μοι,
1146 1812 1198 1888 ὦ
1223 1821 1579 1908 φιλόσοφε,
1607 1823 1722 1890 καὶ
1751 1818 2026 1908 ἀληθῶς
2054 1819 2398 1901 ἀπόδειξον

473 1920 690 1989 πόθεν
726 1919 767 2006 ἦ
806 1921 1098 2010 τοσαύτη
1135 1926 1384 2007 γνῶσις
1420 1922 1532 1989 καὶ
1561 1929 1931 2008 φιλοσοφία
1968 1923 2399 2009 προσεγένετο

470 2025 563 2114 τῷ
603 2027 733 2115 υἱῷ
782 2050 956 2110 μους
1007 2023 1097 2111 μὴ
1149 2025 1213 2104 ἐξ
1264 2023 1474 2110 αὐτῆς
1520 2026 1638 2109 τῆς
1689 2024 2066 2111 γεννήσεως
2114 2022 2399 2111 φυσικὴν

470 2132 670 2212 ἔλαβε
705 2123 827 2210 τὴν
865 2126 1245 2214 λογιότητα;
1319 2123 1360 2212 ἢ
1396 2129 1655 2213 μᾶλλον
1692 2126 1800 2194 διὰ
1849 2129 1968 2212 τῆς
2023 2128 2143 2211 σῆς
2184 2129 2397 2214 ἐπιμε-

472 2233 656 2304 λείας
694 2226 1166 2313 σεσόφισται;“
1222 2225 1619 2316 ἀποκριθεὶς
1657 2228 1731 2297 δὲ
1768 2225 1804 2294 6
1846 2234 2200 2307 Συντίπας
2235 2228 2398 2312 λέγει

395 2355 445 2393 20
471 2329 564 2418 τῷ
601 2333 892 2412 βασιλεῖ·
935 2326 1023 2413 ,,ἡ
1060 2332 1183 2396 τοῦ
1220 2333 1381 2397 υἱοῦ
1423 2349 1574 2414 σου,
1611 2330 1929 2416 δέσποτα,
1960 2329 2235 2406 σύνεσις
2270 2326 2393 2414 ἅμα

470 2427 584 2496 καὶ
645 2430 888 2514 γνῶσις
942 2431 1014 2498 ἐκ
1067 2433 1234 2498 θεοῦ
1294 2433 1368 2498 ἐν
1416 2431 1703 2515 πρώτοις
1755 2432 2174 2519 κεχάρισται·
2230 2428 2391 2498 ἀλλὰ

470 2532 585 2598 καὶ
624 2528 794 2618 αύτῆ
831 2527 873 2617 ἦ
909 2530 1077 2619 τύχη
1124 2536 1239 2618 τῆς
1275 2532 1651 2617 γεννήσεως
1688 2531 1909 2600 αὐτοῦ
1947 2532 2022 2599 τὸ
2059 2537 2177 2619 τῆς
2212 2530 2389 2618 γναί-

472 2653 638 2712 σεως
674 2635 1058 2721 προτέρημα
1098 2639 1253 2719 ἔχει·
1298 2633 1520 2719 ἐπειδὴ
1559 2632 1741 2721 καὶὴ
1782 2633 1903 2721 ἐμὴ
1936 2635 2265 2719 ἐπιμέλεια
2291 2631 2394 2699 καὶ

269 2759 453 2806 p.148B.
476 2734 739 2820 σπουδὴ
803 2736 1089 2822 ἐσμίχθη
1141 2734 1407 2814 τούτοις
1464 2749 1605 2814 τοῖς
1656 2735 1820 2820 δύο,
1876 2736 1992 2803 καὶ
2046 2734 2156 2803 διὰ
2209 2735 2396 2803 τοῦτο

395 2860 445 2900 25
475 2840 712 2921 ἔλαβεν
749 2833 784 2903 6
822 2835 979 2913 υἱός
1006 2855 1131 2904 σου
1166 2834 1243 2903 τὸ
1272 2834 1723 2923 ὑπερβάλλειν
1752 2837 2008 2938 πάντας
2041 2837 2114 2905 ἐν
2143 2835 2391 2922 γνώσει.

609 3034 635 3081 1
676 3023 1172 3110 ἐκπομπεφθῆναι
1198 3031 1369 3081 ABV.
1409 3024 1894 3113 ἐκπομπευθῆναι
1922 3032 2281 3097 Boissonade,
2317 3023 2396 3081 ἐκ·

470 3097 786 3177 πομπευθῇ
822 3101 1017 3163 scripsi
1185 3101 1216 3148 2
1252 3088 1382 3164 ἤτοι
1421 3094 1759 3165 πλατζάριοι
1794 3103 1938 3150 uncis
1972 3104 2153 3166 saepsi
2302 3112 2398 3148 πο-

470 3159 1455 3313 32:135th28322033281162125cf
1463 3168 1558 3284 Buv
1576 3236 1626 3285 D
1727 3171 1783 3284 43
1797 3159 2223 3302 ξένξῑθὲεξάλη
2258 3163 2404 3285 Vae?

471 3319 620 3368 αυτη
656 3301 840 3352 κακὸν
875 3302 925 3351 V
1073 3304 1252 3356 11.13
1297 3294 1813 3369 συνεβουλεύσατο]
1849 3307 2167 3354 recentiores
2207 3301 2398 3353 uerbum

469 3372 680 3421 medium
715 3373 826 3421 loco
863 3371 1046 3433 actiui,
1086 3372 1224 3436 quod
1256 3378 1336 3420 esc
1369 3372 1422 3420 in
1458 3369 1539 3431 M,
1578 3370 1818 3420 adhibent
2015 3374 2077 3421 12
2115 3387 2166 3422 ν.
2203 3387 2291 3421 om.
2325 3368 2394 3424 M,

474 3442 537 3489 13
572 3454 618 3489 τ.
656 3436 708 3503 β.
748 3454 802 3488 υ.
839 3453 934 3492 om.
969 3436 1021 3485 D
1148 3440 1227 3491 1⁷.
1265 3441 1331 3488 22
1379 3408 1685 3518 γενέσεωςῖ
1813 3440 1878 3487 21
1915 3430 2246 3504 κεχάρισται
2278 3436 2398 3487 scri·

466 3508 575 3569 psit
618 3503 959 3570 κεχώρισται
995 3505 1159 3556 ABV.
1197 3498 1591 3571 κεχωρήγηται
1617 3502 1730 3569 (εἰσ)
1769 3507 1842 3556 M.
1876 3506 1947 3568 cf.
1992 3507 2207 3568 123,14
2335 3503 2398 3551 24

473 3566 746 3638 ἔσμίχθη]
793 3573 862 3634 cf.
899 3574 986 3634 40,
1025 3576 1056 3623 5
