2563 4087
416 253 539 316 140

412 394 448 464 ὁ
487 411 649 474 παῖς
683 397 778 486 τῷ
815 401 1080 482 βασιλεῖ
1109 396 1222 463 καὶ
1262 380 1469 483 πατρὶ
1507 396 2114 483 προσφθέγξασθαι
2146 394 2349 484 ἤμελ-

413 507 552 584 λεν,
592 495 684 577 ὥς
719 524 796 584 γε
832 495 977 564 κατ’
1021 494 1235 583 ἀρχάς
1283 496 1422 565 ύπό
1473 500 1597 565 τοῦ
1635 498 2047 567 διδασκάλου
2086 497 2353 585 παρήγ-

413 607 630 687 γελτο,
670 596 710 687 ἡ
739 596 914 684 γυνὴ
943 595 1115 686 αὕτη
1144 606 1303 667 λίαν
1332 596 1422 678 ὥς
1452 597 1635 678 εἰκὸς
1663 597 1924 685 ἠγωνία
1951 601 2066 667 καὶ
2099 598 2352 687 ἐφρόν-

412 709 573 788 τιζε,
609 702 725 768 καὶ
761 706 1113 788 μερίμναις
1147 701 1260 768 καὶ
1300 699 1626 789 ἀλγηδόσι
1660 701 1785 786 τὴν
1818 706 2111 791 καρδίαν
2148 701 2355 789 ἐβάλ-

362 829 386 868 5
413 810 582 870 λετο.
639 799 789 891 ᾔδει
823 801 954 890 γὰρ
994 799 1086 881 ὥς
1134 800 1337 889 ἡνίκα
1384 804 1479 893 τῷ
1516 810 1783 891 βασιλεῖ
1829 800 1866 870 ὁ
1917 819 2077 882 παῖς
2127 803 2353 890 φθέγ-

414 905 619 990 ξαιτο,
669 901 751 973 ού
808 902 1023 991 μόνον
1075 901 1247 989 αὐτὴ
1295 904 1979 991 καταισχυνθήσεται,
2031 903 2200 973 ἀλλὰ
2237 905 2352 971 καὶ

414 1005 679 1097 ὀλέθρῳ
713 1005 1050 1094 μετά·τῆς,
1086 1004 1417 1093 αἰσχύνης
1465 1006 2043 1093 παραδοθήσεται,
2096 1005 2204 1093 ἐφ’
2249 1001 2355 1084 οἷς

414 1106 684 1186 πάντως
721 1110 814 1199 τῷ
852 1112 1103 1200 παιδίῳ
1140 1105 1411 1186 ἀτόπως
1446 1107 1786 1196 λελάληκε.
1842 1110 1964 1176 τοῦ
2004 1111 2180 1194 γοῦν
2207 1134 2345 1175 τοι-

414 1209 623 1277 ούτου
671 1207 881 1295 αὐτῆς
929 1211 1224 1295 χαλεποῦ
1278 1209 1746 1296 βουλεύματος
1794 1213 2095 1295 πολλαχῆ
2142 1236 2225 1295 γε
2272 1210 2355 1295 τῇ

337 1340 388 1377 10
415 1311 606 1399 φήμῃ
641 1312 1166 1400 θρυλλουμένου
1203 1312 1319 1378 καὶ
1356 1312 1772 1396 διαθέοντος,
1812 1317 2072 1436 ἔφθασε
2105 1313 2221 1379 καὶ
2261 1317 2361 1388 εἰς

412 1439 533 1491 τας
569 1414 690 1480 τοῦ
729 1414 1055 1500 βασιλέως
1092 1410 1310 1481 αὐτοῦ
1351 1410 1576 1492 ἀκοάς.
1650 1414 1764 1481 καὶ
1812 1412 1950 1500 μὴν
1988 1412 2120 1480 σύν
2164 1411 2357 1498 τάχει

415 1514 537 1600 τὴν
567 1528 862 1599 γυναῖκα
899 1513 1286 1603 προφθοὶνει
1314 1519 1437 1582 καί
1458 1534 1663 1601 φησιν
1699 1511 1910 1601 αυτῇ·
1950 1521 2184 1600 ,,τίνος
2222 1513 2345 1599 χά-

418 1642 548 1702 ριν,
590 1604 641 1681 ὦ
680 1615 906 1700 γύναι,
944 1618 1113 1704 πυρὶ
1143 1615 1436 1701 σεαυτήν
1474 1612 1954 1705 παραδίδως;“
2024 1612 2068 1702 ἢ
2104 1617 2186 1683 δέ
2220 1612 2361 1702 „fif

417 1743 509 1794 ως
562 1721 693 1785 ἔδει
726 1743 806 1804 με
853 1715 987 1785 ἀπὸ
1040 1719 1163 1786 τοῦ
1218 1717 1459 1797 παιδός
1512 1716 1684 1786 σου“
1741 1724 1868 1805 ἔφη
1920 1718 2359 1805 ,,έξεδίκησας

340 1844 389 1883 15
417 1816 581 1887 οὐδὲ
632 1815 846 1886 αὐτὸν
894 1816 1289 1899 ἀπέκτεινας
1337 1819 1649 1907 καθάπερ
1700 1817 2105 1906 προσῆκεν.“
2189 1817 2227 1885 ὁ
2279 1815 2357 1887 δὲ

267 1962 310 1998 p.
338 1946 387 1986 65
416 1919 731 2007 βασιλεύς
768 1917 906 2007 ἅμα
952 1922 1049 2011 τῷ
1101 1920 1286 2012 λόγῳ
1335 1928 1589 1999 πίστεις
1644 1918 1818 2007 αὐτῇ
1874 1920 2195 2009 ἐνόρκους
2233 1920 2349 1987 δέ·
2416 1980 2427 1987 .

418 2029 632 2092 δωκεν
669 2020 1038 2111 ἀσφαλεῖς,
1087 2020 1178 2102 ὣς
1228 2021 1744 2111 ἀναμφιλέκτως
1793 2021 1916 2090 τὸν
1957 2027 2167 2092 παῖδα
2203 2027 2348 2092 δια-

418 2131 788 2211 χειρίσεται.
860 2121 906 2211 ἢ
959 2124 1037 2193 δὲ
1084 2123 1549 2213 ἀποδεξαμένη
1600 2124 1723 2192 τὸν
1771 2124 2016 2210 λόγον,
2081 2125 2360 2208 ἐπέσχεν

421 2225 669 2310 ἑαυτὴν
703 2228 826 2294 τοῦ
864 2225 1120 2295 τοιοῦδ’
1165 2226 1655 2315 ἐγχειρήματος.
1718 2227 1833 2316 καὶ
1871 2225 2117 2294 αὐτίκα
2152 2224 2187 2291 ὁ
2224 2232 2349 2312 βα-

342 2356 392 2394 20
420 2325 646 2406 σιλεύς
681 2324 826 2415 μετ’
859 2324 1066 2414 ὀργῆς
1094 2326 1492 2415 ἀπεφήνατο
1529 2326 2167 2416 ἀνυπερθέτωςτόν
2192 2326 2355 2395 υἱὸν

421 2427 900 2516 ὑποβληθῆναι
935 2431 1030 2520 τῷ
1070 2431 1266 2517 ξίφει.
1333 2432 1450 2518 τῆς
1488 2419 1616 2497 οὖν
1650 2428 1966 2516 τοιαύτης
2016 2426 2349 2516 ἰταμωτά-

417 2556 535 2618 της
574 2532 1034 2618 ἐξενεχθείσης
1070 2530 1514 2619 ἀποφάσεως,
1563 2524 1599 2598 ὁ
1636 2533 1758 2598 τοῦ
1797 2532 2122 2619 βασιλέως
2157 2535 2353 2616 φιλο-

421 2633 816 2720 σοφώτατος
855 2635 1140 2721 ἕβδομος
1188 2633 1578 2721 σύμβουλος
1627 2634 1780 2720 περὶ
1827 2632 2078 2719 ταύτης
2125 2632 2353 2699 ἐνωτι·

424 2733 712 2820 σάμενος
758 2735 872 2802 καὶ
923 2734 1057 2803 σύν
1105 2732 1297 2826 αύτῷ
1350 2739 1423 2803 οἱ
1457 2736 1667 2823 ἕτεροι
1716 2734 1782 2813 ἓξ
1832 2732 2357 2821 συμφιλόσοφοι,

343 2863 393 2903 25
429 2836 538 2903 ἐπὶ
576 2837 669 2925 τῷ
707 2835 893 2925 γόνῳ
928 2839 1045 2921 τῆς
1082 2835 1446 2927 πορφύρας
1497 2835 1766 2923 σφόδρα
1802 2835 2203 2923 λελύπηνται
2234 2834 2353 2900 καὶ

426 2933 729 3022 ἤλγησαν
781 2935 902 3014 τὰς
956 2938 1222 3025 ψυχάς,
1285 2935 1577 3025 ὁρῶντες
1629 2936 1752 3004 τὸν
1813 2935 2198 3006 ἀνεύθυνον
2261 2929 2371 3013 ὥς·

561 3170 584 3215 1
625 3159 1021 3243 φθέγξασθαι
1044 3157 1290 3233 ἤμελλεν
1326 3171 1447 3250 quin
1480 3184 1587 3220 sert
1578 3170 1712 3218 tor
1747 3169 1945 3219 dioeerz’t
1969 3175 2024 3217 ut
2048 3167 2108 3228 P,
2140 3180 2233 3212 mm
2270 3170 2351 3213 ese

423 3236 574 3314 quod
584 3235 780 3285 dubites
883 3234 914 3283 6
942 3251 1090 3301 αντη
1197 3238 1256 3286 11
1292 3228 1437 3288 αύτό
1539 3253 1579 3301 μ
1615 3254 1648 3286 ν
1752 3237 1815 3286 12
1843 3202 2196 3302 προφθάνει]
2223 3227 2355 3280 δια·-

422 3295 680 3369 μηνύσας
717 3304 760 3353 Ρ
944 3305 1006 3353 13
1037 3306 1240 3367 plenius
1275 3303 1321 3353 P
1487 3306 1552 3355 15
1581 3294 1718 3383 ,οὔτε
1753 3306 1903 3354 cod..-
1939 3314 2220 3369 quamquam
2256 3299 2355 3348 du-

420 3372 556 3421 bites
590 3387 660 3422 an
696 3385 850 3421 error
882 3372 953 3420 sit
983 3373 1257 3447 scriptoris
1454 3374 1516 3423 17
1564 3362 1853 3437 ἀσφαλεῖς
1891 3372 1998 3422 noli
2024 3370 2194 3420 delere

422 3441 486 3489 20
525 3436 627 3490 τὸν
662 3431 796 3489 υἴὸν
833 3430 1018 3489 αύτοῧ
1056 3437 1128 3488 P:
1164 3441 1261 3490 sed
1293 3439 1363 3502 cf.
1410 3441 1625 3500 141,14
1780 3441 1843 3489 21
1882 3427 2243 3509 ἰταμοτάτης

421 3508 488 3555 23
526 3497 956 3571 ἐνωτισάμενος]
991 3505 1133 3567 infra
1169 3476 1522 3566 ἐνωτισθείς
1643 3510 1709 3558 25
1742 3499 1895 3572 γόνῳ
1928 3504 2028 3572 τῆς
2062 3489 2359 3567 πορφῦρας

424 3573 750 3622 orientalium
783 3577 1084 3638 populorum
1117 3589 1396 3624 sermonem
1428 3577 1567 3638 sapit

2500 3691 2513 3710 Ι

1033 3879 1062 3893 ⁸
2158 3817 2527 4038 ,ιε-..ἀ

1346 3916 1353 3922 .
2402 3943 2417 3958 Π

2168 3969 2227 3996 ffl'·
2340 3963 2371 3982 '¹'
2476 3987 2487 3996 .

1229 4032 1234 4036 .
1968 4005 2157 4038 m--„''-:-
2196 3997 2211 4010 '
