2563 4087
2088 272 2130 336 5

179 416 301 482 τοῦ
343 422 544 482 οἴκου
582 409 709 480 ὅσα
745 412 1005 504 διδάξαι
1040 410 1162 481 τὸν
1198 418 1412 483 παῖδα
1452 419 1697 502 ἔμελλε.
1791 415 1902 483 καὶ
1941 414 2129 494 ε’ντός

177 517 299 584 τοῦ
353 524 552 584 οἴκου
601 514 723 583 τὸν
771 517 931 583 νέον
983 522 1332 603 καθίσας,
1378 518 1589 603 φησὶν
1639 514 1674 583 6
1725 515 2130 596 διδάσκαλος

176 622 270 709 τῷ
335 617 476 709 νέῳ
531 624 820 705 βασιλεῖ·
897 617 1146 705 »πᾶσοὶ
1195 638 1321 686 σου
1375 616 1417 706 ἡ
1471 616 1895 747 ἀναστροφὴ
1922 621 2034 687 καὶ
2090 616 2132 706 ἡ

177 724 404 789 δίαιτα
445 721 518 787 ἐν
554 719 777 810 τούτῳ
817 726 985 788 ἔστω
1023 739 1126 788 σοι
1159 722 1255 811 τῷ
1298 720 1642 809 οἰκήματι,
1695 723 1849 855 «ἓί-οςζ
1869 749 1955 789 αν
2004 748 2129 789 κα-

175 825 309 901 λῶς
350 820 658 909 ἐκμαθῃς
697 817 821 889 ὅσα
862 821 1202 911 ἱστόρηται
1241 825 1317 891 έν
1352 838 1496 902 τοῖς
1530 821 1820 908 τοίχοιςῆ
1830 818 2132 893 ἔκτοτε
2184 850 2208 889 5

173 927 353 1011 γοῦν
391 921 428 992 6
470 923 842 1010 φιλόσοφος
877 926 971 1014 τῷ
1011 926 1200 993 παιδὶ
1231 924 1661 1012 παρεκάθητο
1689 927 1803 992 καὶ
1842 924 1931 994 δι’
1965 922 2131 994 ὅλου

174 1025 321 1114 μετ’
363 1023 581 1094 αὐτοῦ
622 1026 1387 1115 συναναστρεφόμενος,
1433 1030 1787 1095 ἐδίδασκεν
1817 1025 2004 1118 αὐτῷ
2050 1055 2131 1095 τα

179 1127 668 1217 ίστορηθέντα,
722 1133 894 1214 ἔχων
932 1130 1157 1211 πᾶσαν
1207 1137 1444 1215 χρείαν
1488 1129 1603 1196 καὶ
1644 1130 2021 1216 ἐπιμέλειαν
2062 1131 2134 1197 ἐκ

174 1234 298 1299 τοῦ
341 1231 690 1318 βασιλέως.
757 1231 1182 1318 ἐπιμεληθεὶς
1219 1232 1350 1298 οὐν
1384 1233 1508 1298 τοῦ
1537 1232 1699 1298 νεόυ
1729 1256 1891 1317 μετα
1920 1258 2134 1318 μεγα-

175 1341 294 1420 λης
335 1333 642 1439 σπουδῆς
678 1329 713 1399 6
753 1331 1163 1420 φιλόσοφος,
1203 1333 1396 1411 ε’ντὸς
1431 1333 1547 1419 τῆς
1584 1337 1860 1421 διωρίας
1885 1360 1977 1400 ιτα
2016 1335 2133 1420 τῆς
2163 1359 2211 1397 10

178 1428 635 1513 διδασκαλίας
689 1430 1024 1523 ἄπήρτισε.
1119 1435 1233 1502 καὶ
1299 1433 1384 1521 δὴ
1436 1432 1824 1522 μεμαθηκεν
1879 1433 1915 1501 6
1973 1450 2133 1513 παῖς

178 1562 353 1624 απερ
403 1534 637 1615 ουδεὶς
688 1562 827 1604 των
889 1540 1159 1605 παίδων
1210 1538 1434 1625 ἕτερος
1492 1534 1806 1624 ἠδυνήθη
1860 1522 2131 1624 μαθεῖν.

177 1637 310 1727 πρὸ
349 1640 527 1724 γοῦν
562 1640 716 1724 μιᾶς
752 1636 1004 1726 ἡμέρας
1038 1641 1157 1725 τῆς
1205 1645 1627 1727 προθεσμίας
1677 1637 1713 1707 6
1753 1639 2127 1726 φιλόσοφος
2160 1674 2201 1712 p
2222 1664 2317 1708 813.

180 1739 495 1830 ἐμηνύθη
556 1739 737 1828 παρὰ
793 1744 1121 1828 βασιλέως
1176 1738 1267 1819 ὥς
1335 1739 1477 1828 „vok
1538 1742 1658 1826 τῆς
1703 1737 2133 1826 ὑποσχέσεως

180 1839 579 1924 ε’τέλεσαςς66
651 1837 686 1908 ὃ
722 1840 799 1910 δὲ
836 1840 1173 1929 ἄντέφησε
1208 1844 1302 1933 τῷ
1340 1850 1603 1929 βασιλεῖ
1639 1840 1731 1920 ὥς
1783 1851 1901 1929 ,,εἰ’
1927 1850 1999 1910 τί
2032 1861 2135 1910 σοι
2163 1869 2212 1908 15

175 1942 514 2031 ποθητόν,
553 1933 605 2009 ὦ
640 1946 918 2030 βασιλεῦ
957 1943 1302 2031 κράτιστε,
1353 1944 1665 2029 γέγονεν·
1718 1941 1964 2030 αὔριον
2001 1944 2134 2032 γὰρ

175 2046 211 2117 6
254 2048 378 2125 σὸς
417 2045 574 2124 υίὸς
614 2051 884 2135 ἔρχεταί
914 2065 1018 2114 σοι
1056 2048 1130 2114 έν
1161 2041 1303 2135 ὥρα
1333 2053 1526 2134 τρίτῃ
1557 2048 1675 2131 τῆς
1702 2041 1982 2175 ἡμέρας,
2019 2048 2134 2114 καὶ

176 2148 334 2231 οψει
379 2146 598 2216 αὐτὸν
639 2150 754 2217 καὶ
801 2145 1134 2237 χαρήση.ςζ
1193 2147 1229 2215 6
1270 2146 1348 2217 δε
1383 2146 1703 2236 βασιλευς
1748 2148 1858 2216 ε’πὶ
1889 2149 1973 2236 τῇ
2005 2146 2133 2234 ἄγ-

173 2259 375 2340 γελία
413 2248 775 2337 γενόμενος
814 2250 1174 2338 περιχαρὴς
1211 2251 1326 2317 καὶ
1367 2248 1539 2319 ἰδων
1574 2249 1696 2317 τὸν
1732 2249 1920 2336 υἱόν,
1958 2252 2137 2337 λέγει

174 2352 405 2445 αὐτῷ·
448 2349 711 2440 ,,ἤκεις,
751 2353 803 2419 ὠ
840 2367 1000 2438 παι,
1048 2350 1348 2439 γεγονώς
1384 2350 1615 2431 καθώς
1653 2350 1688 2419 6
1728 2352 2134 2430 διδάσκαλος
2162 2377 2212 2417 20

175 2452 466 2537 εἷπεν;66
523 2450 633 2522 ὅτε
668 2455 783 2522 καὶ
821 2452 857 2521 6
895 2454 1049 2533 νέος
1086 2452 1529 2543 απεκρίνατο·
1585 2451 1771 2541 ,,ἅμα
1806 2456 1900 2544 τῷ
1941 2458 2134 2521 διδα-

175 2557 419 2648 σκάλῳ
457 2554 954 2644 προσελθόντες
990 2557 1084 2647 τῷ
1122 2556 1348 2646 κράτει
1386 2576 1511 2624 σου
1550 2552 2131 2641 ἀναγγελοῦμεν.“

176 2657 292 2729 ὅτε
341 2658 460 2728 καὶ
509 2656 545 2724 6
585 2657 959 2745 φιλόσοφος
1001 2662 1145 2748 ἰδίᾳ
1183 2659 1363 2743 λέγει
1397 2659 1491 2747 τῷ
1530 2658 1697 2746 νέῳ·
1729 2655 1997 2744 4,,.ἐ·’δο«ξέ
2025 2683 2138 2742 μοι

174 2760 400 2850 ταύτῃ
451 2761 535 2847 τῇ
572 2762 773 2828 νυκτὶ
811 2763 1080 2846 ποιῆσαι
1127 2759 1393 2847 ζήτησιν
1430 2760 1584 2847 περὶ
1620 2759 1737 2845 τῆς
1775 2756 2134 2846 ἀποκειμέ-

320 2928 349 2974 1
380 2915 692 2984 διδάξαι..
721 2917 919 2988 ἔμελλε
946 2927 996 2974 in
1019 2925 1098 2974 his
1121 2923 1462 2987 scriptoribus
1483 2924 1751 2985 ferendum
1775 2930 1853 2972 est
1958 2924 1989 2972 6
2016 2913 2139 2972 διό-

171 2995 283 3045 λου
320 2992 373 3041 V
411 3008 511 3069 qua
546 2994 809 3054 scriptura
842 2993 1045 3057 hyphen
1078 2995 1373 3057 plerumque
1409 2993 1568 3041 utitur
1706 2993 1735 3041 7
1773 2992 1910 3041 dixit
1945 2998 1994 3040 ec
2032 3007 2137 3040 αυ-

174 3054 285 3113 τὸν
322 3067 376 3110 et
414 3050 574 3127 αὐτῷ
611 3050 888 3110 ἐδίδασκε
1067 3062 1130 3111 10
1168 3057 1408 3125 διωρίας
1443 3059 1541 3108 BV
1578 3057 1793 3124 δωριάς
1826 3062 1874 3107 A
1913 3056 2137 3140 διορίας

166 3111 553 3185 Boissonade‚
576 3125 690 3189 (D).
726 3130 965 3178 diuersae
990 3129 1200 3192 oriqz‘nz's
1224 3128 1472 3177 uocabula
1493 3144 1525 3176 a
1548 3127 1889 3191 scriptoribus
1907 3128 2035 3203 ipsis
2061 3127 2137 3175 ui-

170 3200 370 3248 dentur
404 3194 624 3257 confusa
659 3210 800 3250 esse,-
836 3203 1050 3259 utroque
1084 3195 1325 3245 hodierni
1360 3196 1549 3245 Graeci
1580 3201 1788 3244 utuntur
1901 3196 1964 3243 14
2000 3187 2136 3258 ἐμη-

167 3255 369 3330 νόθη]
411 3262 653 3312 monitus
681 3267 768 3311 est
880 3253 1150 3328 βασιλεύς
1173 3265 1321 3313 modo
1345 3270 1490 3312 caret
1524 3264 1669 3313 modo
1706 3263 1973 3312 instruitur·
2008 3263 2135 3310 arti-

169 3337 287 3384 culo
445 3330 508 3379 15
546 3317 576 3379 ὃ
615 3324 706 3394 δὲ]
745 3338 1003 3380 accentum
1038 3330 1219 3395 ubique
1255 3332 1425 3381 adieci
1535 3327 1598 3379 εἴ
1624 3329 1686 3380 τί
1719 3343 1808 3380 σοι
1842 3320 2135 3405 παθητόν]

167 3399 497 3452 urbanitatis
525 3398 757 3461 formula
897 3400 958 3448 17
984 3398 1053 3461 ef.
1079 3400 1132 3460 6,
1157 3400 1219 3447 21
1283 3407 1290 3412 ‘
1364 3400 1426 3449 18
1464 3397 1668 3464 χαρίσῃ
1704 3398 1875 3447 ABV:
1915 3388 2137 3462 χαρήσῃ

167 3469 448 3520 Boisson
545 3467 607 3515 19
631 3462 730 3516 καὶ
757 3466 851 3516 hoc
874 3468 1020 3517 modo
1044 3467 1272 3530 scriptor
1296 3482 1453 3530 saepe
1477 3467 1679 3515 addidit
1702 3466 1861 3514 minus
1885 3465 2136 3514 commode

317 3537 391 3585 22
420 3523 877 3611 αναγγελοῦμεν]
909 3549 1053 3597 quae
1080 3533 1371 3583 didicimus
1397 3533 1741 3598 proferamus
1854 3534 1919 3581 23
1948 3526 2136 3592 ἔδειξε

168 3604 214 3654 Β
334 3604 408 3653 ’24
436 3593 832 3666 ποιήσασθαιῗ
862 3603 929 3665 cf.
955 3605 1002 3665 6,
1024 3605 1076 3652 4.
1125 3617 1421 3667 quamquam
1451 3602 1664 3650 alterius
1692 3615 1888 3665 quoque
1917 3602 2136 3649 rationis
