2563 4087
1026 280 1270 344 Aesopus
1309 281 1335 330 1
2027 275 2153 339 243

207 437 520 526 πρόσθεν
541 435 767 525 ε’μοί“.
799 438 912 505 καὶ
931 435 969 503 6
991 436 1284 516 Ξάνθος·
1310 438 1579 523 ,,καλῶς
1597 435 1723 523 μὲν
1743 437 1980 524 λέγεις,
2010 433 2154 503 ἀλλ’

209 539 498 627 αἰσχρὰς
517 537 646 607 εἷ“.
669 537 1001 624 κάκεῖνος·
1025 545 1170 625 ,,εἰς
1189 537 1317 606 τὸν
1332 540 1508 606 νοῦν
1524 537 1795 626 ἀφορᾶν
1811 541 1940 626 δεῖ,
1956 536 2158 625 φιλό-

210 661 406 728 σοφε,
454 642 568 709 καὶ
614 639 706 728 μὴ
756 646 855 720 εἰς
888 640 1012 729 τὴν
1047 637 1276 720 ὄψινίί.
1352 640 1503 708 τότε
1536 642 1631 731 τῷ
1673 638 1947 731 ἐμπόρῳ
1984 664 2158 727 προ-

211 742 484 812 σελθῶν
539 740 575 809 6
633 741 905 822 Ξάνθος
958 748 1133 830 φησί
1144 759 1158 773 ·
1219 740 1486 829 ,,πόσου
1538 745 1782 810 τοῦτον
1819 749 2066 821 πωλεῖς
2089 738 2156 823 ;“

211 847 326 914 καὶ
384 842 491 924 ὅς·
550 846 1008 932 ,,κερτομῆσαι’
1054 868 1188 932 μου
1244 843 1440 931 πάρει
1472 842 1600 930 τὴν
1642 846 2003 932 ἐμπορίαν,
2058 840 2209 913 ὅτιὸ

211 946 375 1025 τούς
412 943 649 1025 ἀξίους
700 964 826 1014 σου
865 951 1113 1025 παῖδας
1151 943 1378 1032 ἀφείς,
1430 943 1551 1012 τὸν
1588 946 1874 1034 αἰσχρὸν
1910 947 2159 1013 τοῦτον

212 1053 438 1131 εἵλου;
475 1047 774 1135 θάτερον
800 1049 939 1115 τῶν
967 1049 1222 1116 λοιπῶν
1244 1044 1522 1135 ὤνησαι,
1561 1049 1806 1114 τοῦτον
1834 1046 1911 1114 δὲ
1939 1046 2156 1135 πρόσ-

213 1156 392 1238 δομα
442 1148 676 1237 λάβείί.
756 1150 868 1217 καὶ
921 1148 956 1216 ὁ
1006 1147 1312 1227 Ξάνθος·
1368 1147 1498 1235 ,,οὐ
1539 1150 1732 1235 δῆτα,
1782 1147 1955 1216 ἀλλὰ
1989 1150 2157 1216 τοῦ-

210 1250 404 1321 τον“.
478 1252 591 1318 καὶ
640 1247 677 1317 6
729 1256 1054 1339 ἔμπορος·
1111 1250 1490 1338 ,,έξήκοντα
1526 1247 1791 1337 ὀβολῶν
1830 1246 2156 1337 ῶνησαιίί.

212 1355 326 1421 καὶ
366 1358 440 1421 οι
467 1351 594 1439 μὲν
621 1355 1051 1438 σχολαστικοὶ
1088 1354 1494 1442 παραχρῆμα
1527 1351 1603 1420 τὸ
1640 1359 1892 1439 τίμημα
1928 1370 2157 1419 συνει-
2188 1382 2236 1420 10

214 1453 648 1540 σενεγκόντες
695 1457 1088 1542 κατέθεντο,
1135 1454 1173 1524 6
1220 1455 1298 1525 δε
1347 1455 1619 1534 Ξάνθος
1671 1453 2009 1541 ἐκτήσατο.
2095 1456 2168 1518 οἱ

216 1565 462 1626 τοίνυν
513 1557 797 1625 τελῶναι
849 1556 973 1645 τὴν
1029 1560 1278 1646 πρᾶσιν
1332 1556 1794 1645 μεμαθηκότες
1847 1556 2160 1641 παρῆσαν

218 1657 730 1745 ἀνακρίνοντες,
767 1665 870 1736 τίς
898 1659 1025 1747 μὲν
1062 1658 1098 1727 6
1137 1658 1641 1747 ἀπεμπολήσας,
1677 1665 1781 1736 τίς
1822 1656 1886 1725 δ’
1928 1654 1965 1724 6
2005 1680 2161 1745 πρι-

216 1760 489 1847 άμενος.
541 1762 1058 1848 αἰσχυνομένων
1094 1760 1159 1830 δ’
1200 1760 1606 1849 ἀμφοτέρων
1646 1758 1935 1838 ἑαυτοὺς
1973 1757 2160 1826 ἀνει-

218 1878 373 1930 πεῖν
409 1861 522 1930 διὰ
558 1862 632 1931 τὸ
672 1862 993 1951 πενιχρὸν
1037 1867 1159 1931 τοῦ
1195 1862 1585 1951 τιμήματος,
1637 1871 1960 1939 Αἴσωπος
1997 1859 2160 1937 στὰς
2190 1888 2238 1928 15

217 1971 314 2045 εἰς
367 1962 445 2031 τὸ
498 1964 707 2051 μέσον
751 1962 1149 2055 ἀνέκραξεν·
1207 1962 1294 2052 ,,ὁ
1347 1962 1475 2051 μὲν
1527 1968 1849 2051 πραθείς,
1900 1960 2067 2049 ἐγώ·
2122 1957 2158 2029 6

217 2065 585 2154 πριάμενος
622 2064 689 2134 δ’
728 2063 989 2156 οὑτοσί,
1029 2068 1144 2135 καὶ
1182 2065 1218 2135 6
1256 2065 1573 2153 πωλήσας
1612 2067 1914 2133 ἐκεινοσί.
1992 2070 2057 2132 εί
2091 2061 2156 2131 δ’

219 2167 419 2236 αὐτοὶ
470 2171 838 2256 σιωπῶσιν,
894 2170 1026 2255 έγῶ
1076 2167 1208 2257 ἄρα
1261 2166 1623 2256 ἐλεύθερός
1672 2164 1877 2255 εἰμιίί.
1967 2170 2040 2233 οἱ
2083 2163 2162 2233 δὲ

218 2273 506 2338 τελῶναι
551 2272 1012 2358 διαχυθέντες,
1066 2268 1470 2360 ἐχαρίσαντό
1513 2295 1585 2339 τε
1634 2273 1728 2360 τῷ
1779 2268 2033 2359 Ξάνθῳ
2082 2267 2160 2334 τὸ

218 2374 410 2451 τέλος
447 2373 563 2439 καὶ
600 2370 1109 2460 ἀπηλλάγησαν.
2188 2399 2238 2438 20

351 2471 425 2541 Ὁ
367 2471 588 2560 Ομὲν
638 2464 765 2542 οὖν
803 2484 1124 2553 Αἴσωπος
1160 2472 1524 2562 ἠκολούθει
1560 2472 1728 2561 πρὸς
1774 2471 1898 2558 τὴν
1933 2477 2162 2539 οἰκίαν
2191 2499 2299 2551 vn

391 2672 420 2719 1
468 2667 655 2728 καλῶς
700 2664 907 2751 (καλὸς
951 2669 1025 2736 Ρ)
1063 2688 1173 2735 μεν
1212 2665 1398 2737 λέγεις
1435 2673 1490 2749 M
1517 2670 1562 2731 Q
1590 2669 1640 2717 D
1665 2668 1713 2719 Φ
1737 2668 1784 2716 Ε
1809 2668 1864 2718 Η
1888 2668 1934 2717 F
1959 2666 2011 2716 K
2033 2667 2074 2715 Z
2099 2682 2161 2715 v.

218 2754 321 2817 μεν
359 2753 453 2791 om.
491 2737 607 2787 VR
773 2729 863 2790 ἀλ’
903 2740 947 2802 Q
1127 2742 1158 2788 2
1197 2736 1318 2804 δει]
1357 2730 1462 2803 χρὴ
1505 2739 1552 2789 Φ
1708 2740 1741 2787 4
1777 2728 1808 2786 ὃ
1846 2753 1940 2788 om.
1978 2734 2023 2784 P

219 2799 401 2857 πόσου
440 2798 757 2871 τιμήματος
794 2805 1002 2858 τοῦτον
1037 2807 1102 2869 E,
1131 2807 1185 2856 H
1228 2809 1326 2857 sed
1358 2811 1410 2856 in
1444 2808 1539 2857 hoc
1586 2820 1900 2870 τιμήματος
1947 2806 2162 2881 ᾱεΙειιιῃι

379 2873 582 2931 πολεῖς
617 2872 678 2954 Z,
720 2877 772 2924 in
810 2875 855 2937 Q
892 2875 1102 2934 πωλεῖς
1140 2890 1275 2925 eor-r.
1319 2891 1389 2924 eae
1424 2874 1654 2932 πολλεις
1816 2877 1847 2923 5
1885 2862 2160 2937 κερτομή

220 2955 314 2991 σαι
352 2940 412 2989 Μ
475 2980 494 2994 ,
548 2936 722 3006 πάρει
756 2944 808 2991 in
845 2942 890 3005 Q
926 2944 1057 3003 fecit
1094 2959 1166 2993 ex
1200 2939 1331 3005 περὶ
1367 2959 1436 2992 m.
1464 2957 1543 3007 pr.
1664 2943 1695 2990 6
1734 2955 1836 2991 σου
1871 2956 1964 2990 om.
2003 2940 2051 2989 R

224 3011 285 3059 10
321 3000 387 3059 τὸ
425 3024 491 3066 τε.
495 3025 646 3073 ημα
684 3026 776 3060 om.
814 3009 860 3058 F
886 3010 937 3059 K
960 3011 1001 3059 Z
1026 3025 1064 3058 v
1195 3012 1252 3059 11
1297 3025 1425 3076 ενεγ
1460 3014 1512 3059 iz
1549 3009 1596 3057 A
1631 3026 1702 3060 eoe
1735 3026 1876 3063 corr.
2003 2998 2161 3087 ἐκτή-

222 3089 396 3126 σαντο
421 3078 470 3126 R
579 3078 640 3126 12
678 3072 887 3142 πράσιν
916 3076 964 3127 Φ
989 3079 1035 3126 F
1057 3075 1142 3143 (Z)
1162 3094 1198 3126 v
1307 3081 1368 3128 13
1393 3069 1499 3142 μέν
1525 3069 1555 3100 ²³
1579 3077 1626 3125 A
1738 3070 2165 3158 ἀπεμπωλήσας

220 3127 2161 3225 ἿΒΕΗΖρατεεᾱιί14δεάμφ.Ζὸ’ἀ.ἰηΗοοττ.

222 3228 292 3261 ea:
328 3205 397 3262 δὲ
540 3200 612 3261 ἀν
652 3207 840 3263 εἰπεῖν
875 3214 918 3262 Ρ
1060 3216 1122 3264 15
1167 3205 1198 3263 ὁ
1247 3212 1496 3272 αἴσωπος
1534 3214 1577 3262 F
1602 3213 1653 3261 K
1677 3212 1717 3260 Z
1743 3228 1778 3261 v
1895 3216 1956 3262 16
1992 3228 2163 3275 πρια-

222 3276 437 3337 θεὶς-Ε
583 3273 748 3330 17δ
788 3276 1199 3344 οιηΒδὲΖ
1237 3274 1677 3364 οδεπρορ
1836 3273 2162 3345 ὃμὲνπω-

225 3339 397 3424 λήσας
433 3347 475 3395 Ζ
588 3338 872 3398 ἐκεινοσὶν
907 3348 965 3396 M
990 3348 1035 3396 Ε
1075 3317 1295 3406 ἐκεῖνος
1336 3342 1394 3398 εἶ
1423 3349 1465 3397 Ρ
1583 3344 1638 3399 εἰ
1676 3342 1739 3399 δε
1778 3348 1817 3396 Z
1935 3348 1997 3397 18
2034 3362 2162 3397 σιω-

221 3411 382 3477 πῶσι,
422 3413 471 3461 Α
588 3401 707 3491 ἆρα
743 3417 788 3464 E
815 3415 871 3464 H
896 3416 939 3464 P
1066 3410 1123 3465 οἱ
1161 3411 1248 3480 δὲ]
1292 3410 1426 3466 οἶδα
1462 3416 1506 3465 Ρ
1624 3418 1686 3466 19
1723 3407 1785 3480 ἐχ
1791 3410 1859 3479 άρ
1863 3430 1996 3465 ισαν
2034 3405 2161 3464 τότε

223 3480 270 3529 V
294 3481 340 3542 Q
366 3482 415 3530 R
543 3474 632 3546 τὸ]
674 3481 752 3532 τῶ
786 3483 827 3531 Ζ
954 3486 1021 3533 20
1059 3476 1501 3549 ἀπηλλάγησαν]
1544 3432 1916 3561 ὃιαχύθχρησαν
1951 3481 1998 3529 A
2042 3480 2162 3532 διε-

227 3544 494 3614 χύθησαν
532 3550 600 3609 Ρ;
640 3551 884 3600 librarius
921 3551 968 3601 Φ
1003 3554 1208 3602 uidetur·
1230 3555 1447 3602 uoluisse
1481 3543 1843 3616 διελυθησαν
1947 3551 2010 3598 21
2052 3548 2161 3601 αισ.

227 3631 362 3670 corr.
401 3634 471 3667 eoe
508 3611 586 3672 ἔσ.
623 3618 667 3679 Q
706 3636 774 3669 m.
800 3634 883 3684 pr.
1024 3610 1342 3670 ἀκολουθει
1378 3620 1429 3667 Κ

1807 3699 1906 3750 16¹·

2494 1402 2509 1416 Q
