2563 4087
422 220 543 283 150

420 362 757 451 γνώρισον
807 361 995 453 αὐτῷ
1047 357 1172 431 ὅσα
1223 382 1325 431 σοι
1371 363 1719 450 δεδήλωκα
1779 366 1893 432 καὶ
1957 369 2358 451 διωμίληκα,

421 465 586 552 πρὶν
635 462 677 550 ἡ
728 463 1148 551 κακότροπος
1194 462 1373 550 γυνὴ
1427 464 1596 552 πρὸς
1647 463 1862 535 αὐτὸν
1908 466 2206 535 εἰσέλθοι
2243 467 2359 533 καὶ

418 565 542 646 τας
574 565 827 635 τούτου
864 569 1259 654 διαφθείραι
1294 564 1504 645 ἀκοὰς
1545 565 1636 646 ὣς
1672 564 1748 635 τὸ
1776 566 2152 655 πρότερον.’
2212 565 2250 633 ὁ
2285 567 2362 635 δὲ

420 667 792 752 φιλόσοφος
827 668 923 758 τῷ
962 669 1152 736 παιδὶ
1190 666 1633 754 ἀπεκρίνατο·
1697 665 2061 755 ‘rivo-owe,
2102 659 2155 736 ὦ
2193 694 2362 736 νεα-

368 796 394 835 5
420 774 571 854 νία,
627 765 719 847 ὦς
767 769 883 836 καὶ
932 765 970 835 ὁ
1021 769 1140 848 σός
1187 769 1592 850 διδάσκαλος
1642 767 1780 857 ἅμα
1828 773 1924 862 τῷ
1957 768 2040 838 τοὶ
2077 772 2199 856 τῆς
2239 775 2361 856 σῆς

420 871 653 948 λαλιᾶς
702 868 1189 956 ἄκουτισθῆναι
1234 868 1422 962 αὐτῷ
1458 871 1629 958 πρὸς
1662 869 1785 939 τὸν
1819 872 2094 958 βασιλέα
2129 896 2360 959 παρα-

418 969 799 1058 γενήσεται.’
856 970 893 1040 ὁ
931 970 1009 1040 δὲ
1044 976 1205 1051 πἀῐς
1245 970 1580 1061 ‘damn-'29'
1631 980 1809 1062 φησί
1846 971 2084 1042 ττοῦτο
2130 970 2356 1057 εἶπας,

419 1071 618 1160 κύριέ
645 1091 809 1159 μου·
863 1073 986 1160 τῆν
1024 1074 1316 1162 σήμερον
1350 1072 1481 1161 γὰρ
1517 1073 1829 1154 κάκεῖνος
1866 1073 2036 1162 πρὸς
2072 1073 2193 1142 τὸν
2222 1082 2359 1161 βα-

420 1174 618 1242 σιλέα
636 1172 1013 1244 ἐλεύσεταιῖ
1049 1174 1315 1243 τούτων
1343 1171 1525 1244 οὕτω
1550 1170 1715 1264 παρ’
1744 1173 2151 1264 ἀμφοτέρων
2183 1176 2361 1263 πρὸς

344 1300 394 1339 10
421 1273 760 1361 ἀλλήλους
797 1276 1315 1363 διαλεχθέντων,
1356 1279 1679 1365 ἐγείρεται
1711 1275 1750 1346 ὁ
1786 1276 2159 1366 φιλόσοφος
2189 1277 2359 1364 μετὰ

422 1381 725 1464 σπουδῆς
762 1378 876 1445 καὶ
903 1374 1076 1465 πρὸς
1105 1378 1225 1445 τὸν
1251 1379 1530 1465 βασιλέα
1558 1378 1931 1467 πορεύεται.
1987 1380 2101 1448 καὶ
2130 1385 2360 1448 εἰσελ-

273 1513 315 1550 p.
343 1503 394 1545 so
419 1477 571 1548 θεὸν
619 1476 789 1566 πρὸς
838 1476 1051 1546 αὐτὸν
1096 1479 1210 1545 καὶ
1256 1477 1382 1566 τὴν
1420 1480 1688 1568 συνήθη
1726 1481 1946 1573 τούτῳ
1972 1479 2361 1559 ἀποδιδούς

419 1580 922 1666 προσκύνησιν,
983 1580 1162 1665 λέγει
1207 1579 1432 1671 αύτῷ·
1507 1579 1842 1668 “βασιλεῦ,
1889 1583 2040 1669 ζῆθι
2086 1588 2186 1660 εἰς
2237 1580 2361 1650 τὸν

421 1683 657 1751 αι’ὧνα.
709 1683 921 1769 χαρᾶς
957 1699 1063 1749 σοι
1096 1688 1342 1768 κομίζω
1377 1680 1768 1769 εὐαγγέλια·
1819 1683 2110 1770 σήμερον
2144 1684 2285 1771 γὰρ
2322 1682 2358 1750 ὁ

344 1809 394 1857 15
420 1782 575 1863 υἱός
612 1801 738 1851 σου
774 1784 914 1850 τῶν
949 1784 1065 1870 τῆς
1101 1785 1355 1870 σιωπῆς
1391 1786 1660 1872 δεσμῶν
1692 1785 1963 1853 λέλυται
1986 1786 2100 1853 καὶ
2130 1786 2361 1871 φθέγ-

419 1895 662 1970 γεσθαι
695 1881 940 1974 ἤρξατο
976 1892 1096 1974 καί
1125 1911 1206 1971 με
1241 1882 1412 1972 πρὸς
1445 1885 1523 1952 τὸ
1562 1884 1687 1954 σὸν
1726 1886 2063 1956 ἐστείλατο
2110 1886 2361 1974 κράτος

421 1990 718 2075 δηλῶσαι
750 1991 839 2076 τῇ
876 1993 1298 2078 σκηπτουχίᾳ
1336 2006 1461 2056 σου
1498 1987 1580 2055 τὰ
1618 1988 1773 2076 περὶ
1801 1984 2016 2058 αὐτοῦ
2046 1984 2356 2056 ἅπαντα]

419 2090 533 2157 καὶ
582 2092 797 2159 ταῦτα
844 2087 1060 2159 εἰπών
1107 2088 1511 2176 διεσάφησεν
1558 2083 1749 2180 αύτῷ
1798 2087 1925 2159 ὅσα
1980 2089 2161 2178 παρὰ
2233 2094 2360 2159 τοῦ

421 2191 660 2271 παιδὸς
705 2189 991 2278 ἠκηκόει.
1058 2187 1095 2259 ὁ
1147 2189 1225 2259 δὲ
1271 2190 1588 2277 βασιλεὺς
1635 2196 1847 2280 χαρᾶς
1894 2188 1996 2259 ὅτι
2040 2197 2360 2278 πλείστης

342 2318 394 2358 20
425 2290 534 2359 ἐπὶ
567 2293 651 2379 τῇ
689 2290 974 2381 ἀγγελία
1004 2292 1125 2359 τοῦ
1155 2291 1537 2378 φιλοσόφου
1566 2293 1954 2381 πληρωθεὶς
1979 2292 2093 2360 καὶ
2124 2287 2361 2379 ὥσπερ

421 2390 624 2473 ἄλλος
663 2393 730 2473 ἐξ
777 2390 991 2462 ἄλλον
1041 2390 1170 2478 ’ὑφ’
1224 2389 1481 2480 ἡδονῆς
1530 2393 1897 2480 καταστὰς,
1948 2396 2184 2482 πρῶτα
2232 2393 2361 2480 μὲν

422 2493 662 2583 δώροις
723 2493 844 2563 τὸν
903 2491 1122 2584 ἄνδρα
1182 2498 1320 2564 τῶν
1374 2493 1658 2580 ἀγαθῶν
1712 2501 1980 2576 εἵνεκεν4
2022 2493 2360 2581 ἀγγελιῶν

423 2597 850 2684 ἐδεξιώσατο,
901 2595 1046 2666 εἶτα
1092 2606 1215 2666 καί
1256 2623 1442 2676 τινας
1489 2599 1627 2665 τῶν
1675 2595 1894 2666 αύτοῦ
1941 2595 2361 2685 δορυφόρων

423 2692 809 2787 ἀπέστειλε,
869 2699 1456 2786 μετακαλούμενος
1518 2697 1639 2767 τὸν
1692 2702 1905 2768 παῖδα
1952 2698 2083 2767 σὺν
2132 2702 2361 2785 πολλῇ

344 2826 396 2872 25
422 2806 755 2887 ταχυτῆτι.
814 2798 887 2881 ὃς
923 2800 1094 2890 πρὸς
1117 2801 1238 2871 τὸν
1261 2801 1543 2888 βασιλέα
1568 2800 1739 2891 ταχυ
1768 2807 2215 2888 παραγίνεται
2243 2801 2361 2866 καὶ

421 2902 754 2972 εἰσελθών
789 2903 1296 2991 προσεκύνησεν
1333 2898 1543 2992 αύτῷ.
1600 2898 1847 2991 ἀνέστη
1884 2899 1961 2969 δὲ
2004 2902 2125 2969 τοῦ
2175 2901 2363 2987 θρό-

422 3030 548 3072 νου
586 3002 623 3072 ὁ
660 3002 977 3092 βασιλεύς
1013 3007 1086 3074 ἐκ
1122 3011 1513 3092 περιχαρίας
1541 3004 1656 3072 καὶ
1686 3005 1782 3093 τῷ
1817 3005 1953 3093 υἱῷ
1990 3002 2361 3089 χαριέντως
2456 3074 2466 3084 ,

416 3106 945 3193 προσυπήντησε
992 3106 1105 3173 καὶ
1155 3102 1389 3174 αὐτὸν·
1417 3104 1990 3190 περιπτυξοῖμενος
2034 3103 2361 3171 ποθεινό-

559 3338 591 3387 2
626 3339 904 3402 optatiuum
937 3339 1042 3387 noli
1073 3338 1325 3415 scriptori
1356 3337 1562 3401 eripere
1720 3336 1750 3386 7
1788 3326 1819 3385 ὁ
1857 3328 1975 3385 δὲ.
2061 3324 2362 3385 ἐλευσεται

422 3407 454 3457 9
496 3420 574 3456 om
609 3405 654 3455 P
862 3405 894 3455 9
938 3421 1022 3469 pr.
1072 3399 1230 3468 παρὰ
1276 3421 1340 3455 ne
1384 3405 1649 3455 delendam
1693 3417 1906 3454 censeas
1947 3400 2185 3465 prohibet
2230 3392 2364 3450 τού·

422 3489 536 3524 των
674 3475 738 3523 14
774 3472 910 3522 Luc.
949 3475 999 3534 2,
1040 3475 1119 3523 10.
1159 3475 1240 3522 11.
1280 3463 1555 3536 σήμερον·
1600 3463 1631 3522 ὁ
1668 3463 1778 3536 γὰρ
1816 3470 1860 3519 Ρ
2001 3463 2362 3521 16ἔστειλενῖ

419 3540 493 3601 ef.
534 3542 648 3603 145,
689 3541 769 3593 12.
810 3541 922 3598 153,
962 3542 1010 3591 7.
1049 3542 1232 3603 152,1
1377 3540 1441 3589 27
1477 3538 1878 3605 περιχαρείαςῗ
