2563 4087
826 261 856 299 e
888 245 1081 299 codice
1114 245 1419 300 Dresdensi
1447 246 1495 300 D
1527 253 1608 302 33.
2060 242 2186 307 209

236 376 413 444 χολῆ,
451 367 767 441 ἕφανήσθη
805 391 917 439 μου
954 368 1112 428 ὦσαν
1147 372 1221 428 να
1259 363 1400 442 ἦτον
1448 369 1614 443 ἐδική
1649 394 1759 444 μου
1791 377 1801 444 Ι
1832 381 1915 442 51,
1953 382 2022 430 24
2055 378 2183 431 σοῦ

234 455 504 514 ἕσυνεῦει
542 458 645 511 καὶ
684 454 929 526 ἔγεινεν,
966 468 1021 510 ut
1056 464 1238 526 legisse
1274 465 1513 513 uideatur
1532 476 1620 513 σοι
1646 461 1972 530 συμβέβηκε
2003 462 2012 529 Ι
2043 466 2122 523 52,
2154 468 2181 514 1

235 545 491 613 μᾶλιστα
521 546 531 609 Ι
562 548 645 606 52,
685 547 716 595 8
758 541 871 596 ’καὶ
907 536 1064 596 ὦσαν
1099 537 1432 610 ἐνύκτοσεν,
1489 542 1597 612 τὴν
1650 540 1880 613 ἕποι’ρεν
1934 541 1969 615 ἡ
2008 553 2184 615 γραῖα
2286 574 2290 578 Δ

240 628 346 682 καὶ
380 624 491 696 τὴν
531 622 747 696 ἐπῆγεν
783 624 869 688 εἰς
904 622 969 680 τὸ
1008 623 1233 695 σπη’την
1267 643 1393 695 της·
1440 629 1542 682 καὶ
1578 623 1609 683 6
1650 628 1845 696 ἰατρὸς
1883 625 1999 684 ἀπὸ
2036 630 2182 699 μέσα

235 707 557 782 ἐκράτησέν
593 730 700 779 την
732 713 741 778 Ι
772 716 856 774 52,
898 717 961 765 13
996 711 1097 764 καὶ
1132 706 1401 779 ἕφοβᾶτω
1435 731 1512 765 να
1548 707 1825 781 συντύχη·
1880 715 1980 768 καὶ
2008 708 2181 770 ’ὕστε-

238 816 344 864 ρον
380 789 467 865 ἀφ
505 786 577 851 οὖ
614 791 903 863 ἐμιάνθη,
940 791 1106 864 ἐξέβη
1143 796 1261 850 καὶ
1300 791 1510 864 ὑπάγει
1537 796 1621 858 εἰς
1645 793 1782 860 τοὺς
1807 804 1999 865 γονεῖς
2026 801 2177 869 της.Ι

237 886 427 948 52,16
464 875 496 934 ὁ
535 875 738 949 μοιχὸς
786 882 793 947 Ι
843 885 1030 946 52,19
1068 879 1151 942 εἰς
1186 876 1250 933 τὸ
1289 872 1653 948 ἀνδρόγυνον
1698 885 1707 947 Ι
1760 887 1911 947 53,1
1950 880 2181 952 εἷμαιη
2165 881 2178 897 ‘

239 960 477 1034 ἀφορμὴ
516 965 620 1020 τοῦ
657 959 992 1018 σκανδάλου
1022 965 1031 1031 Ι
1062 969 1237 1028 53,14
1263 959 1412 1016 ἀλλὰ
1447 960 1589 1019 οὐδὲ
1612 962 1679 1018 τὸ
1716 962 1926 1034 ἆοῦχον
1961 963 2184 1038 ἡξεῦρω

236 1054 302 1105 τί
333 1049 556 1119 ἕγεινεν
586 1051 594 1116 Ι
624 1054 814 1114 53,15
850 1041 1001 1103 αυτοὶ
1039 1045 1140 1102 τὸν
1179 1043 1310 1102 εἷπε
1336 1067 1409 1103 να
1446 1042 1564 1115 υπῆ
1600 1046 1786 1117 (εἰπῇ)
1824 1053 1926 1105 τοῦ
1965 1046 2183 1120 ἀνδρὸς

239 1136 345 1203 τῆς
379 1148 685 1202 γυναικος·
735 1131 934 1188 ἔπειτα
969 1152 1025 1200 μ.
1064 1153 1110 1185 τ.
1152 1129 1316 1186 εἶπεν
1363 1127 1399 1200 ἡ
1438 1139 1639 1201 γραῖα,
1687 1137 2013 1201 (imperaliuo
2052 1134 2178 1191 εἰπε

233 1237 340 1272 non
374 1217 656 1285 intellecto)
703 1220 712 1285 Ι
759 1221 946 1283 53,18
981 1217 1083 1271 καὶ
1119 1213 1228 1286 ἐγὼ
1279 1212 1720 1285 ἔμπροστοὶσας,’
1750 1237 1823 1272 να
1856 1213 2022 1286 κάμω
2057 1223 2180 1283 πῶς

234 1300 477 1371 παγένω
515 1301 599 1364 εἰς
637 1304 692 1358 δ.
732 1303 831 1367 (om
866 1303 1000 1369 μου)
1033 1304 1041 1368 Ι
1071 1306 1155 1366 54,
1198 1307 1224 1354 1
1262 1296 1503 1371 ἐλάλησε
1552 1307 1560 1368 Ι
1608 1309 1691 1368 54,
1729 1309 1762 1356 5
1799 1301 2182 1359 ἕδωσένασκέ-

230 1403 440 1454 πασμα
477 1382 695 1455 ῤὀὖχου
726 1385 735 1454 Ι
767 1390 851 1453 54,
888 1390 1057 1440 8-12
1093 1385 1192 1439 καὶ
1243 1383 1345 1440 &tw
1382 1380 1609 1453 ἠξετῖρω
1653 1388 1769 1441 ποῦ
1814 1382 1882 1441 τὸ
1919 1385 2180 1456 αλησμώ·

230 1487 389 1540 νησα
425 1465 460 1540 ἦ
499 1491 548 1524 τ.
568 1485 582 1499 ·
620 1465 820 1539 ὖπῆγα
844 1470 945 1523 καὶ
973 1468 1057 1530 εἰς
1079 1465 1188 1537 τὴν
1212 1477 1470 1538 γυναῖκα
1493 1487 1623 1537 σου,
1661 1466 1860 1540 ὖπήγα
1885 1472 1985 1526 καὶ
2011 1465 2177 1536 ἆλοῦ,

228 1555 339 1610 καὶ
394 1552 500 1609 «nm
551 1548 775 1623 ἡξεύρω
825 1555 1122 1616 παντελῶς
1174 1556 1291 1608 ποῦ
1348 1551 1411 1609 τὸ
1468 1551 1689 1625 ἄφησα.
1746 1554 1874 1625 ἔτζη
1926 1554 2089 1611 εἶπεν
2138 1552 2174 1625 ἦ

224 1646 413 1709 γραῖα
441 1643 451 1704 Ι
479 1643 565 1704 54,
590 1642 652 1692 15
687 1633 907 1707 μεγάλη
946 1633 1218 1707 σύγχυσις
1254 1637 1447 1708 ἔγινεν
1485 1639 1569 1701 εἰς
1603 1640 1668 1694 τὸ
1709 1636 1883 1710 σπήτι
1902 1661 2014 1710 μου
2045 1644 2053 1709 Ι
2084 1650 2171 1710 54,

223 1732 300 1780 22
340 1725 458 1786 πῶς
493 1719 530 1791 ἡ
567 1741 628 1775 π.
672 1724 785 1777 τῶν
826 1724 1022 1776 κακῶν
1067 1743 1148 1791 γ.,
1196 1721 1324 1777 §vac
1372 1719 1528 1778 ὦσαν
1573 1721 1603 1779 ὁ
1654 1721 1830 1788 τόπος
1875 1722 2024 1781 ὀποῦ
2068 1746 2178 1782 πα·

225 1804 445 1865 isium»
484 1805 545 1861 οἰ
578 1799 912 1874 ἅνθρωποι·
960 1807 1064 1861 δὲν
1113 1805 1267 1862 εἷναι
1315 1811 1650 1875 καλλίτερον
1704 1811 1970 1879 πράγμα,
2024 1807 2178 1866 ὡσοὶν

224 1889 343 1962 τὴν
378 1888 603 1960 καλλὴν
636 1892 738 1945 καὶ
774 1884 1055 1961 ἄνδρειοιν
1092 1899 1346 1961 γυναῖκα
1390 1892 1491 1946 καὶ
1537 1909 1845 1962 σωσφρονα
1874 1897 1883 1961 Ι
1915 1899 1997 1960 55,
2033 1900 2067 1947 4
2105 1887 2179 1948 ἂν

223 1971 422 2032 καλλᾶ
459 1975 558 2030 καὶ
597 1974 826 2046 ἔχουσιν
866 1978 991 2029 ἴσια
1027 1971 1133 2046 τήν
1173 1971 1511 2043 ὁμωνυμίαν
1542 1977 1550 2043 Ι
1584 1983 1666 2045 55,
1707 1983 1769 2031 17
1802 1981 1864 2032 θ.
1903 1969 1946 2030 ὦ
1982 1980 2031 2046 β.
2059 1981 2178 2041 πῶς

223 2060 258 2120 ὃ
299 2057 449 2126 θεὸς
485 2059 654 2117 θέλει
690 2054 848 2131 κοῖμη
884 2057 991 2131 τῂν
1026 2055 1302 2129 τοιαύτην
1340 2054 1641 2130 ἐκδίκησιν
1681 2062 1763 2125 εἰς
1799 2059 1933 2125 τοὺς
1986 2079 2033 2119 σ.
2073 2080 2176 2118 σου

222 2142 336 2202 ’ταὶ
374 2166 466 2213 φ.,
508 2138 665 2199 ὦσάν
714 2147 722 2211 Ι
772 2150 854 2207 55,
892 2150 959 2198 23
995 2135 1145 2212 ἦσαν
1180 2144 1384 2198 πολλοὶ
1420 2141 1937 2214 πραγματευτοὲδες
1967 2148 2107 2216 Ι-56,
2148 2154 2175 2201 1

223 2232 451 2288 ἔπεσαν
489 2225 564 2284 να
599 2230 936 2299 κοιμηθοῦν
968 2231 976 2294 Ι
1008 2232 1088 2293 56,
1128 2232 1161 2282 8
1197 2228 1297 2281 καὶ
1335 2224 1428 2293 ἑψ.
1467 2225 1543 2283 vo}
1566 2228 1710 2299 πάρι
1746 2225 1810 2285 τό
1847 2226 2175 2301 παχύτερον

201 2316 336 2371 ἶκαὶ
389 2312 467 2383 μή
508 2316 891 2384 γνωρίζοντας
944 2307 1145 2367 {atace
1200 2310 1265 2366 τὸ
1323 2309 1586 2383 λεοντοὶρι
1639 2316 1739 2369 καὶ
1776 2319 2018 2385 νομίσας
2054 2319 2173 2379 πῶς

223 2398 366 2456 ἔναι
401 2395 730 2468 παχύτερον
766 2391 881 2451 ἀπὸ
919 2394 991 2451 τὰ
1030 2389 1204 2461 ἄλλα,
1244 2393 1692 2466 ἔκαβαλίκέυσέν
1728 2419 1792 2453 το
1821 2402 1832 2466 Ι
1864 2404 1945 2464 56,
1985 2405 2048 2454 18
2084 2404 2172 2467 μί-

219 2477 493 2546 πωςέτὸν
530 2477 845 2551 καταφάγῃ
893 2483 903 2549 Ι
951 2486 1034 2546 56,
1074 2487 1137 2534 21
1192 2476 1396 2537 §ulans
1443 2477 1515 2535 τὰ
1562 2484 1777 2537 κλαδιά
1822 2484 1924 2537 τοῦ
1964 2485 2033 2548 δ.,
2076 2483 2174 2537 καὶ

221 2569 414 2637 ἔφυγε
451 2564 553 2623 τὸν
588 2568 883 2621 κίνδυνον.
925 2566 1024 2620 καὶ
1062 2562 1127 2621 τὸ
1167 2562 1429 2634 λεοντοὲρι
1471 2561 1835 2636 φοβούμενον
1870 2567 1971 2621 καὶ
2009 2569 2173 2635 νομί-

221 2657 437 2720 ζοντας
471 2653 592 2714 πῶς
631 2650 757 2706 ἕναι
793 2646 823 2705 ὃ
863 2645 1130 2718 φύλακας
1157 2652 1259 2719 τῆς
1296 2649 1502 2711 νυκτὸς
1539 2645 1569 2703 6
1607 2651 1921 2718 δαίμονας,
1963 2650 2175 2719 ἔφευγε

220 2758 296 2807 με
340 2735 624 2805 σπουδὴν.
675 2741 683 2801 Ι
731 2741 813 2801 57,
854 2742 913 2788 11
969 2736 1069 2790 καὶ
1106 2734 1142 2804 ἡ
1183 2736 1400 2803 μαιμοῦ
1445 2729 1642 2803 κράζει
1687 2729 1750 2788 τὸ
1801 2730 2063 2804 λεοντοέρι
2099 2732 2175 2789 να

221 2821 380 2890 ἔλθη
417 2816 494 2876 νά
532 2816 770 2875 σκοτῶσι
806 2815 910 2874 τόν
945 2814 1264 2890 ἄνθρωπον
1310 2821 1320 2888 Ι
1369 2824 1452 2887 57,
1496 2822 1557 2872 16
1594 2819 1693 2872 καὶ
1730 2814 1776 2874 ἐ.
1828 2817 2036 2886 ἔδραξε
2072 2820 2172 2874 καὶ

218 2901 298 2961 τοὶ
342 2903 578 2974 ἔσφιξεν
614 2898 754 2960 ὅσον
789 2899 1084 2974 ἐδυνήθη·
1121 2905 1220 2959 καὶ
1249 2899 1437 2966 εὐθυς
1463 2898 1711 2972 ἑψόφισε
1759 2902 2051 2973 (‘krepirte
2077 2901 2174 2971 er’)

219 2989 331 3045 καὶ
371 2988 537 3044 ἔπεσε
567 2983 731 3045 κάτω
760 2992 770 3059 Ι
801 2994 885 3057 57,
929 2996 990 3044 19
1027 2984 1268 3058 ἀληθῶς
1305 2985 1335 3045 ὃ
1376 2990 1662 3056 δαίμονας
1698 2982 1729 3042 6
1767 2984 2035 3057 φύλακας
2072 2990 2177 3058 τῆς

220 3068 469 3143 νυκτὸς,
511 3069 687 3137 αὐτὸς
724 3069 875 3130 ὀποῦ
909 3093 981 3144 με
1020 3072 1256 3142 ἔσυρνεν
1283 3066 1426 3144 ὅλην
1452 3069 1557 3142 τὴν
1587 3069 1795 3141 νύκτα,
1835 3066 2014 3137 αὐτὸς
2039 3068 2177 3140 &pd-

219 3176 399 3214 νευσε
452 3157 553 3213 καὶ
608 3156 716 3227 τὴν
767 3159 984 3227 μαιμοῦ
1032 3164 1041 3224 Ι
1090 3163 1174 3224 57,
1213 3164 1280 3212 24
1327 3179 1374 3215 τ.
1422 3178 1517 3227 φ..
1541 3175 1645 3213 σου
1693 3159 1703 3224 Ι
1752 3162 1837 3224 58,
1876 3163 1907 3212 8
1947 3156 2175 3227 ἔρχεται

215 3288 373 3362 πρὸς
405 3287 591 3348 αὐτὸν
625 3291 732 3362 τὴν
746 3245 1096 3364 ξηνήμέραν
1126 3295 1135 3362 Ι
1165 3299 1250 3361 58,
1277 3300 1310 3347 9
1336 3307 1592 3362 αμποτες
1617 3313 1691 3348 να
1716 3295 1817 3362 ζης
1841 3291 2049 3358 αἰωνα,
2073 3292 2173 3345 καὶ

219 3398 302 3432 να
338 3374 799 3447 μακροημερεύει
833 3372 865 3432 ὁ
904 3377 1050 3441 θεὸς
1085 3376 1223 3440 τούς
1260 3373 1504 3448 χρόνους
1557 3379 1658 3446 τῆς
1705 3379 1847 3445 ζωῆς
1884 3393 2015 3439 σου,
2075 3376 2176 3430 καὶ

214 3458 259 3531 ἡ
299 3464 567 3531 βασιλεία
605 3477 712 3516 σου
746 3482 822 3516 να
856 3462 1019 3532 μένει
1054 3462 1137 3526 εἰς
1173 3457 1274 3516 τὸν
1332 3462 1541 3518 αἰωνα·
1592 3466 1600 3530 Ι
1648 3467 1730 3528 58,
1772 3466 1832 3514 17
1886 3464 2040 3513 habet
2074 3480 2174 3513 κα-

202 3543 529 3616 .κογνω’μου
557 3550 567 3612 Ι
599 3552 682 3613 59,
720 3555 749 3602 3
786 3552 881 3605 πλ.
921 3547 1006 3610 εἰς
1042 3543 1129 3601 τὰ.
1150 3541 1424 3616 χωροὶφια
1462 3550 1470 3613 Ι
1518 3552 1602 3614 59,
1641 3552 1672 3600 5
1710 3539 1948 3610 ἐσύναζε
1979 3546 1987 3613 Ι
2019 3550 2103 3610 59,
2143 3550 2173 3597 7

303 3650 423 3689 ΕΑΒ.
450 3649 571 3690 Bou.
599 3650 638 3690 1.
1701 3651 1764 3698 14
