2563 4087
817 266 845 303 e
878 211 1071 305 οοδὶοθ,
1098 223 1404 304 Βὲεεᾱθηεί
1431 250 1479 302 D
1512 256 1593 304 33.
2044 246 2166 311 211

226 370 379 444 αὗτῆ
400 372 436 445 ἦ
462 380 710 432 δουλεῖα
738 379 792 442 (i.
821 397 864 433 e.
904 374 1092 445 ἔργον)
1131 375 1472 440 εἰς’πολλούς
1506 372 1719 441 τόπους
1757 381 1857 432 τοῦ
1894 375 2165 445 κάστρου·

223 453 381 529 ὅμως
419 455 635 528 ἤκουσε
672 460 772 515 καὶ
808 456 839 514 ὁ
879 455 1177 529 βασιλευς·
1214 468 1476 529 expressit
1514 467 1595 526 64,
1621 469 1682 517 10
1709 463 1828 517 καὶ
1866 468 2049 518 κακοῦ
2088 467 2166 535 fist:

220 552 325 600 sed
345 551 566 614 offendit
588 550 762 613 utique
786 550 943 606 ordo;
975 550 1252 613 probarem
1276 547 1462 600 κακοῦ
1488 546 1585 600 καὶ
1604 542 1943 614 παραδόξου
1964 552 2012 618 β.
2045 553 2054 613 Ι
2087 555 2171 613 64,

222 635 293 683 14
328 632 393 685 τί
429 628 582 685 εἶναι
617 624 657 696 ἦ
696 628 859 684 αἰτία
893 630 996 684 καὶ
1046 629 1227 698 θέλης
1263 626 1338 685 νοὶ
1391 632 1538 698 καῆς
1584 631 1596 698 Ι
1641 636 1726 697 64,
1766 638 1829 685 17
1887 632 2115 699 ἔπρεπε.
2158 634 2165 704 Ι

220 720 309 780 65,
344 719 380 768 4
417 709 642 782 ἐδέχθη
681 734 726 767 τ.
769 718 814 767 λ.
852 714 953 768 καὶ
990 708 1316 768 ἐπίστευσε·
1372 716 1472 770 καὶ
1511 710 1790 785 ἑβάσταξε
1826 712 1929 771 τὸν
1965 714 2165 787 θυμόν

217 819 360 866 της,
418 798 518 853 καὶ
566 795 671 853 δέν
718 793 946 867 ἐβάλθη
995 797 1080 861 εἰς
1114 793 1224 866 τήν
1264 800 1458 854 στίαν·
1511 800 1612 853 καὶ
1648 800 1679 855 ὃ
1719 797 1986 868 βασιλευς
2022 799 2169 870 μετὰ

215 884 429 951 θυμοῦ
466 883 569 937 καὶ
605 876 784 952 ὀργῆς
818 884 1060 949 πολλῆς,
1110 880 1328 937 ἔδωσεν
1366 878 1665 950 ἀπόφασιν
1697 887 1706 951 Ι
1737 890 1820 951 65,
1860 892 1923 939 10
1958 883 2019 940 οἰ
2052 893 2167 940 λοι-

215 968 326 1021 ποὶ
366 963 686 1035 φιλόσοφοι
723 964 790 1021 οἷ
823 964 886 1033 ἓξ
934 971 943 1035 Ι
991 972 1074 1035 65,
1117 973 1179 1020 12
1225 964 1547 1035 βλέπωντές
1582 987 1695 1022 των
1731 965 1806 1030 ῶς
1843 967 2166 1040 κακούργον

216 1052 324 1106 καὶ
378 1049 623 1120 ληστὴν,
684 1051 784 1106 καὶ
839 1052 1007 1119 χωρὶς
1062 1049 1260 1105 αἰτίαν
1315 1046 1389 1105 νὰ
1445 1048 1789 1119 κινδυνεύῃ·
1854 1054 1954 1106 καὶ
2011 1045 2167 1110 ὅλοι

214 1134 372 1205 ὁμοῦ
403 1137 412 1204 Ι
444 1141 528 1201 65,
567 1142 630 1191 16
666 1156 712 1192 τ.
752 1156 798 1190 τ.
830 1156 892 1194 π.
932 1155 994 1203 φ.
1034 1155 1111 1190 om
1141 1136 1151 1201 Ι
1180 1139 1262 1198 66,
1292 1141 1324 1189 3
1343 1134 1660 1203 ,διαμικρόν
1696 1133 1939 1203 τᾶξιμον
1962 1159 2165 1207 γυναι-

214 1217 351 1283 κὸς·
409 1220 580 1288 χωρὶς
627 1217 703 1276 νά
741 1215 1013 1288 ἐξετάσης
1049 1217 1158 1287 τὴν
1194 1214 1514 1286 ὑπόθεσιν,
1568 1211 1605 1286 ἢ
1644 1215 1902 1286 ἀλήθεια
1940 1219 2090 1277 εἶναι
2126 1214 2167 1290 ἢ

211 1306 484 1372 ψευδῆς·
523 1296 670 1358 ἆλλοὶ
711 1300 995 1373 ένικήθης
1031 1304 1131 1357 καὶ
1168 1297 1412 1371 ἥκουσες
1458 1303 1559 1358 καὶ
1595 1299 1923 1366 ἑπίστευσες
1960 1325 2162 1374 γυναι-

213 1388 325 1452 κὸς
364 1383 558 1457 λόγια·
613 1388 711 1442 καὶ
751 1385 990 1456 βούλεσε
1043 1386 1119 1441 να
1167 1382 1356 1457 κάμης
1410 1381 1592 1441 αὐτὸν
1646 1384 1748 1441 τὸν
1802 1381 2009 1443 ἄδικον
2064 1393 2163 1445 καὶ

211 1467 575 1542 παράνωμον
629 1470 920 1528 θάνατον·
982 1468 1084 1525 τὸν
1137 1465 1306 1538 ἄξιον
1361 1470 1603 1541 γέλωτος
1658 1473 1755 1526 καὶ
1809 1468 2161 1542 ὁνειδισμοῦ.

209 1552 437 1626 ἤκουσε
493 1554 589 1625 δὲ,
641 1549 734 1610 ὅτι
786 1552 930 1624 μετα
984 1558 1208 1610 πολλῶν
1265 1551 1449 1624 εὐχῶν
1502 1557 1602 1611 καὶ
1641 1552 1897 1625 δεήσεων
1934 1558 2034 1612 καὶ
2071 1579 2165 1628 νη-

211 1642 427 1697 στειῶν
463 1642 686 1695 πολλῶν
723 1638 979 1710 ἀνδρῶν,
1019 1639 1103 1695 ἔτι
1140 1641 1206 1694 δε
1232 1641 1332 1694 καὶ
1370 1636 1473 1694 διὰ
1497 1641 1726 1696 πολλῶν
1762 1637 2164 1711 ἐλεημοσυνῶν

211 1726 324 1781 σοῦ
359 1721 462 1780 τὸν
502 1720 767 1794 ἔχοὶρισεν
804 1720 835 1779 ὁ
871 1724 1039 1786 θεός·
1076 1725 1176 1781 καὶ
1212 1724 1364 1791 τῶρα
1403 1722 1504 1779 διὰ
1544 1726 1683 1781 ἔναν
1731 1724 1916 1796 λόγων
1956 1749 2160 1797 γυναι·

210 1809 354 1877 κὸς,
389 1806 749 1875 ἀνεξέταστα
785 1807 970 1879 θέλης
1003 1805 1078 1863 νά
1116 1805 1218 1862 τόν
1242 1804 1617 1879 θανατώσης·
1655 1802 1808 1876 ’ὅμως
1843 1816 2161 1879 παρακαλῶ

210 1896 318 1950 καὶ
356 1888 626 1962 ἱκετεύω,
665 1889 738 1947 να
777 1894 890 1961 μοῦ
928 1887 1179 1961 ἀκούσης
1213 1890 1454 1955 τούτους
1489 1888 1628 1956 τοὺς
1666 1890 1874 1963 λόγους
1916 1898 1923 1962 Ι
1971 1902 2057 1963 66,
2098 1905 2161 1951 16

209 1972 612 2048 μαντεύοντας
648 1978 747 2031 καὶ
784 1976 1055 2047 λέγοντας
1079 2018 1090 2030 .
1116 2019 1128 2031 .
1161 1981 1223 2033 18
1243 1978 1343 2031 καὶ
1381 1966 1472 2047 όχι
1510 1972 1691 2045 μόνον
1717 1974 1989 2048 έπρόλεγε
2030 1982 2157 2035 εἴτι

209 2062 320 2119 τὸν
357 2059 683 2133 έρωτούσαν
715 2065 723 2131 Ι
754 2069 837 2129 67,
878 2070 905 2116 1
945 2060 1047 2117 διὰ
1085 2059 1319 2132 πράγμα
1359 2057 1578 2131 ἄδηλον
1600 2067 1665 2131 (,)
1702 2064 1803 2117 καὶ
1841 2057 2046 2134 ἀκριβῆ
2074 2066 2144 2136 [,]

210 2147 459 2217 ἑτοίμως
479 2145 640 2202 ἕδιδε
660 2145 766 2215 τὴν
787 2140 1112 2214 ἀπόκρισιν·
1134 2147 1233 2200 καὶ
1245 2142 1362 2200 ἆπὸ
1382 2141 1492 2215 τὴν
1514 2145 1803 2216 μαντικὴν
1814 2141 1894 2202 αὖ
1901 2144 2025 2216 τὴν,
2040 2146 2158 2204 ἐσό-

210 2252 381 2302 ρευσε
416 2230 604 2287 πολλὰ
643 2234 895 2300 φλουρία
932 2232 1031 2286 καὶ
1070 2224 1259 2296 ἄσπρα
1291 2232 1413 2300 167,
1455 2237 1487 2285 5
1523 2233 1623 2286 καὶ
1659 2252 1716 2291 π.
1758 2231 1857 2287 δὲν
1894 2252 1965 2301 με
2004 2234 2155 2303 ἔχεις

209 2337 282 2386 με
321 2315 427 2372 τοῦ
463 2314 639 2386 λόγου
675 2333 794 2370 σου.
832 2314 984 2383 πλὴν
1020 2316 1156 2384 πρὶν
1191 2313 1351 2384 παρὰ
1387 2337 1461 2371 να
1501 2312 1649 2385 εὔγω
1677 2319 1730 2384 (τ’.
1758 2339 1803 2371 e.
1840 2316 2009 2387 ἐκβῶ)
2044 2339 2157 2373 πα-

208 2401 470 2472 ραγγέλω
509 2418 597 2455 σοι
634 2400 786 2469 τρεὶς
826 2395 1053 2469 λόγους·
1113 2401 1212 2454 καὶ
1253 2397 1311 2455 εἷ
1342 2421 1397 2453 τι
1449 2397 1686 2471 πράγμα
1731 2402 1914 2469 θέλης
1953 2407 2150 2471 ζητίση

208 2485 314 2542 τὸν
351 2482 504 2540 θεὸν
539 2503 620 2553 με
675 2489 733 2550 (ἰ.
772 2504 827 2539 e.·
850 2482 1015 2552 μετὰ.
1072 2491 1155 2549 67,
1193 2490 1259 2538 24
1311 2479 1439 2552 μετ’
1480 2483 1741 2548 ἐκείνους
1776 2489 1849 2553 D)
1891 2482 2027 2548 τούς
2065 2486 2152 2540 λό-

209 2592 348 2641 γους
387 2567 676 2637 ἐκείνους,
717 2567 884 2623 θέλει
921 2569 1024 2624 σοῦ
1061 2570 1281 2636 δοθῆ·Ι
1318 2575 1402 2632 67,
1442 2575 1502 2623 11
1558 2560 1733 2639 ,ἦλθε
1780 2589 1852 2637 με
1888 2566 2147 2639 μεγάλην

209 2656 402 2725 λύπην
440 2654 523 2717 εἰς
557 2674 623 2708 το
661 2670 832 2722 σπητι
867 2673 1000 2722 του,
1037 2654 1135 2707 καὶ
1173 2649 1346 2723 ἐσέβη
1393 2651 1557 2720 μέσα.
1607 2655 1617 2722 Ι
1666 2659 1751 2720 67,
1794 2661 1858 2706 14
1914 2653 2098 2722 ἔγινες
2137 2660 2147 2719 Ι

207 2745 295 2806 67,
319 2746 383 2793 17
420 2735 495 2796 vo}
534 2732 916 2807 δυνηθούμεν
950 2734 1026 2792 ναὶ
1062 2736 1347 2807 ζήσωμεν·
1379 2741 1389 2806 Ι
1419 2744 1504 2805 68,
1534 2744 1561 2790 1
1603 2733 1780 2806 ’ὅμως
1816 2735 2149 2807 έφανέρωσέ

205 2842 322 2892 μου
357 2835 519 2886 τους·
556 2823 657 2877 καὶ
693 2816 843 2891 αὖτῆ
875 2824 884 2890 Ι
915 2828 1012 2888 68,
1039 2829 1100 2876 11
1138 2817 1320 2889 μόνον
1364 2842 1465 2877 non
1507 2828 1682 2876 reddit
1717 2827 1767 2876 D
1800 2823 1811 2890 Ι
1848 2828 1931 2890 68,
1974 2828 2036 2877 12
2075 2820 2150 2877 vo}

207 2908 421 2976 γένουν
459 2907 544 2971 εἰς
578 2902 645 2962 τὸ
683 2911 856 2976 κορμί
899 2923 1002 2963 σου
1037 2903 1221 2961 πολλοὶ
1260 2906 1461 2976 αἰδιά,
1511 2900 1695 2976 ἤγουν
1730 2904 1997 2978 ὁρχοίδια
2027 2910 2038 2975 Ι
2067 2914 2151 2974 68,

208 2998 410 3047 15-17
448 2988 724 3061 ἔγέμησεν
761 2983 918 3054 ὅλος·
977 2991 1077 3046 καὶ
1132 2987 1207 3054 ῶς
1259 2986 1335 3045 τά
1389 2989 1546 3046 εἶδεν
1599 2988 1903 3062 ἐσυγχοὶθη
1941 2989 2148 3061 πολλὰ,

205 3078 307 3132 καὶ
364 3075 557 3132 ἕστεκε
611 3076 710 3131 καὶ
746 3065 941 3145 ηὖριζε
992 3071 1103 3143 τὴν
1146 3082 1404 3145 γυναῖκα
1441 3092 1568 3131 του·
1622 3076 1723 3130 καὶ
1760 3072 1987 3131 δυνατοὶ
2039 3073 2149 3144 τήν

209 3160 507 3232 ἔδειρεν·Ι
555 3166 640 3228 68,
681 3167 744 3215 18
798 3161 897 3215 καὶ
950 3181 1027 3215 om
1072 3162 1083 3228 Ι
1131 3165 1214 3228 68,
1253 3166 1316 3214 21
1372 3164 1525 3213 habet
1571 3154 1761 3228 αὐτὴν
1809 3164 1818 3227 Ι
1865 3166 1950 3231 69,
1990 3167 2021 3214 2
2057 3153 2146 3215 ὅτι

205 3243 383 3316 ἀκόμι
421 3240 530 3302 δύο
567 3243 732 3314 λόγια
768 3238 1117 3314 ἀνάμειναν·
1170 3251 1231 3298 11
1270 3242 1567 3313 ἐνέμεινεν
1600 3237 1776 3313 ἇκόμι
1830 3247 1944 3312 (οηιῤ
1981 3249 2093 3311 σοι)
2135 3252 2144 3305 Ι

203 3337 288 3398 69,
324 3338 378 3400 5,
416 3329 585 3400 ἔχασε
621 3330 721 3384 καὶ
757 3325 830 3383 τοὶ
867 3325 981 3384 οῗπό
1019 3333 1122 3398 τῆς
1159 3323 1479 3398 γεννήσεῶς
1514 3345 1644 3384 του·
1676 3333 1686 3395 Ι
1717 3334 1801 3395 69,
1833 3335 1891 3382 11
1921 3324 1994 3381 νοὶ
2035 3326 2145 3382 πά-

206 3438 327 3487 ρης,
345 3418 401 3471 u‘t
436 3421 674 3470 uideatur
701 3420 954 3468 inuenisse
981 3417 1185 3484 λαβεῖν
1217 3414 1226 3481 Ι
1255 3418 1340 3480 69,
1381 3419 1596 3478 17-70,
1634 3418 1668 3465 4
1688 3408 2146 3482 μακροθύμησον

203 3502 304 3556 καὶ
324 3497 401 3569 μὴ
425 3495 723 3567 σπουδάζη
749 3494 824 3553 νοὶ
849 3497 1121 3568 φονευθῆ
1148 3491 1365 3560 ἀδίκως
1390 3492 1421 3552 ὁ
1441 3493 1568 3559 υἱός
1588 3513 1716 3550 σου·
1742 3496 1841 3550 καὶ
1867 3494 1971 3550 δὲν
1995 3495 2144 3567 θέλη

205 3581 426 3656 αργήση
464 3579 495 3639 ὁ
535 3579 678 3645 θεὸς
725 3581 798 3638 vo}
846 3579 1002 3652 κάμη
1048 3577 1159 3649 τὴν
1203 3576 1567 3650 ἀνταμοιβὴν
1621 3581 1704 3643 εἰς
1754 3576 1935 3635 έσένα,
1990 3572 2143 3649 ὅμως

1736 3668 1837 3718 14*
