2563 4087
0 15 259 121 ff
280 26 291 35 Ι,
398 16 403 25 .

1036 276 1283 341 Aesopus
1320 278 1347 327 I
1773 348 1774 351 Ἴ
2037 274 2165 340 259

217 435 339 501 καὶ
390 431 821 520 ὠνησάμενος
882 438 1091 521 χῆνας
1138 436 1254 503 καὶ
1303 432 1583 523 ὄρνιθας
1631 435 1746 502 καὶ
1799 431 1947 502 ἄλλ’
1998 432 2164 503 ἅττα

218 540 364 603 τών
415 533 588 623 πρὸς
637 532 935 620 εὐωχίαν
987 538 1410 623 ἐπιτηδείων,
1459 540 1753 622 βαδίζων
1788 536 1905 616 τὰς
1942 542 2162 616 οἰκίας

219 635 650 724 περιενόστει.
729 636 974 725 παρῄει
1009 644 1252 706 τοίνυν
1289 639 1404 706 καὶ
1451 635 1576 725 τὴν
1610 641 1750 705 τών
1786 642 1906 724 τῆς
1942 636 2162 706 αὐτοῦ

219 743 586 825 δεσποίνης
621 737 1051 826 γεννητόρων
1099 745 1350 825 οἰκίαν,
1395 737 1559 826 μήτε
1603 737 1865 825 ταύτην
1912 741 2164 808 εἰδέναι

219 838 805 926 προσποιούμενος
844 840 1124 909 ἐκείνων
1166 839 1670 926 τυγχάνουσαν,
1716 839 1882 927 μήτε
1915 839 2051 927 μὴν
2089 842 2162 909 ἐν
2189 869 2215 909 5

222 939 406 1028 αὐτῇ
442 939 566 1027 τὴν
593 940 963 1026 δέσποιναν
997 942 1361 1028 μένουσαν.
1429 942 1544 1009 καὶ
1582 940 1669 1028 δή
1701 967 1832 1008 τινι
1864 946 2007 1009 τών
2042 942 2162 1028 τῆς

223 1048 445 1121 οἰκίας
477 1044 736 1129 ἐκείνης
765 1042 1073 1129 ἐντυχών
1101 1041 1326 1131 ἠρώτα
1364 1051 1433 1111 εἴ
1459 1048 1532 1111 τί
1562 1066 1696 1111 που
1724 1047 1863 1110 τών
1900 1049 1998 1122 εἰς
2033 1043 2161 1129 γά·
2200 1069 2363 1122 μω).

221 1169 394 1230 μους
430 1149 780 1231 χρησίμων
814 1148 889 1213 οί
917 1144 1087 1212 κατὰ
1115 1144 1243 1232 τὴν
1269 1151 1497 1214 οἰκίαν
1537 1147 1750 1229 ἔχοιεν
1787 1141 1975 1234 αὐτῷ
2015 1167 2161 1211 πω-

222 1250 436 1331 λῆσαι.
518 1246 642 1312 τοῦ
679 1243 759 1314 δε
794 1248 958 1331 ,,καὶ
991 1253 1098 1325 τίς
1142 1245 1407 1314 τούτων
1462 1251 1593 1330 ἔχει
1649 1243 1776 1331 τὴν
1822 1244 2156 1332 χρείανςί(

222 1347 784 1434 πυνθανομένου,
815 1393 916 1433 ,,,.,
862 1345 1183 1426 Ξανθος“
1215 1354 1427 1434 φησίν
1470 1343 1555 1432 ,,ὁ
1584 1345 1989 1433 φιλόσοφος·
2022 1333 2162 1414 ἀῧ-
2190 1374 2240 1413 ιο

224 1473 372 1535 ριον
408 1474 542 1536 γαρ
575 1449 852 1533 γυναικὶ
879 1449 1104 1535 μέλλει
1131 1445 1667 1518 συνάπτεσθαι.“
1731 1452 1857 1516 τοῦ
1886 1445 1961 1515 δὲ
1989 1444 2163 1515 ἄνα-

221 1548 471 1636 βάντος
507 1550 624 1616 καὶ
658 1550 740 1638 τῇ
779 1551 1053 1635 γυναικὶ
1090 1552 1307 1618 ταῦτα
1341 1551 1464 1618 τοῦ
1503 1548 1786 1629 Ξάνθου
1827 1546 1917 1628 ώς
1952 1545 2154 1636 ἥκου-

224 1671 342 1718 σεν
389 1645 946 1735 αναγγείλαντος,
997 1652 1219 1739 ἐκείνη
1274 1650 1407 1720 συν
1454 1650 1689 1744 δρόμω
1736 1652 1852 1719 καὶ
1890 1654 2163 1738 σπουδῇ

223 1751 395 1837 πρὸς
429 1751 555 1820 τὸν
589 1750 871 1830 Ξάνθον
905 1743 1117 1839 ἦλθεν
1152 1751 1427 1839 αυτίκα,
1463 1754 1579 1821 καὶ
1617 1748 1834 1821 αὐτοῦ
1872 1751 2164 1839 κατεβόα

223 1856 520 1939 λέγουσα
564 1852 735 1942 πρὸς
780 1868 923 1933 τοῖς
974 1851 1202 1934 αλλοις
1254 1855 1371 1922 καὶ
1418 1856 1661 1941 ταῦτα,
1710 1852 1803 1932 ώς
1852 1851 2030 1939 „ofin
2066 1880 2155 1921 αν
2184 1877 2240 1919 15

224 1956 391 2042 ἐμοῦ
452 1954 689 2042 ζώσης,
763 1944 816 2021 ὦ
876 1955 1131 2043 Ξάνθε,
1195 1956 1390 2046 ἑτέρᾳ
1452 1956 1728 2040 γυναικὶ
1789 1957 2160 2041 δυνηθείης

223 2049 851 2144 συναρμοσθηναιῆ(
927 2058 1045 2127 καὶ
1081 2055 1299 2137 ου’τως
1339 2063 1594 2145 ἔμεινεν
1634 2058 1747 2126 ἐπὶ
1781 2057 1901 2143 τῆς
1937 2062 2159 2134 οἰκίας

222 2157 304 2227 δι’
344 2158 705 2245 Αἰσώπου,
744 2158 835 2238 ώς
870 2161 984 2227 καὶ
1023 2157 1112 2226 δι’
1155 2160 1418 2228 ἐκεῖνον
1454 2156 1685 2247 ἀπῆρε.

361 2258 560 2330 Μετὰ
594 2258 662 2329 δ’
711 2256 968 2348 ἡμέρας
1003 2260 1209 2329 πάλιν
1253 2259 1443 2340 τινας
1491 2261 1777 2339 καλέσας
1813 2257 1850 2326 ὁ
1889 2258 2161 2338 Ξάνθος
2187 2284 2325 2335 ΧΠῙ

222 2361 706 2448 σχολαστικους
734 2370 831 2442 εἰς
858 2360 1155 2450 αριστον,
1182 2387 1275 2429 τω
1301 2361 1606 2454 Αἰσώπω
1633 2368 1876 2450 φησίν
1917 2358 2159 2447 ,,ὀψώ-
2187 2392 2237 2431 20

263 2531 270 2537 .
364 2494 391 2541 1
431 2482 614 2556 χῆνας
626 2490 697 2570 Ω
853 2482 1107 2542 αλλοῖττα
1141 2491 1199 2541 Μ
1222 2491 1269 2554 Ω
1308 2486 1531 2542 &nnita
1564 2490 1614 2541 V
1638 2490 1684 2539 Ε
1712 2490 1764 2539 H
1800 2482 1952 2540 αλλα
1986 2504 2059 2539 τα
2093 2488 2161 2552 Α,

221 2575 254 2609 τ
292 2560 416 2610 add.
450 2558 498 2607 A
521 2561 575 2624 2,
611 2551 866 2610 αλλαττα
900 2559 946 2610 Ρ
982 2549 1236 2610 ἀλλάττα
1270 2561 1322 2610 R
1459 2561 1492 2608 2
1528 2549 1624 2609 ἔπι
1660 2556 1731 2622 τῆ
1769 2554 1943 2608 ὃείων
1978 2558 2024 2608 Ρ

221 2655 450 2719 οἰκείας
484 2663 697 2711 mutauit
728 2663 780 2712 in
819 2659 914 2720 ίας
948 2661 1016 2727 Ε,
1056 2633 1255 2718 οἰκίας
1285 2661 1337 2711 Κ
1475 2662 1507 2711 3
1544 2654 1649 2725 τὴν
1685 2674 1823 2709 corr.
1861 2674 1933 2708 εει·
1969 2647 2070 2708 τὸν
2109 2662 2160 2705 et

218 2729 261 2777 6·
290 2725 395 2805 τῆς
430 2744 501 2779 ex
537 2726 639 2780 τοῦ
676 2727 800 2811 Ω
761 2744 829 2777 m.
855 2745 935 2793 pr.
1096 2719 1281 2779 αὐτοῦ
1319 2745 1353 2778 a
1506 2729 1541 2777 4
1576 2718 1941 2791 γεννητήρων
1976 2724 2011 2774 b

218 2788 466 2876 ταύτην]
499 2787 617 2861 μὴν
655 2788 843 2860 αυτὴν
878 2795 926 2845 Φ
1074 2797 1106 2847 5
1139 2787 1285 2861 πρὸς
1319 2785 1635 2860 πιοῦμενος
1670 2793 1716 2845 Ρ
1873 2782 2075 2844 ἐκείνω
2111 2799 2163 2842 ec

219 2864 252 2912 6
292 2856 576 2914 δέσποινα
612 2864 658 2926 Ω
695 2880 762 2916 m.
796 2878 907 2928 pr.:
955 2865 1004 2913 ll.
1041 2879 1075 2913 ν
1108 2869 1295 2946 postea
1337 2865 1548 2914 additae
1721 2863 1760 2916 7
1788 2851 2079 2925 ἔντυγχῶν
2115 2860 2160 2909 Ρ

362 2928 969 2994 εἴτιπουΜΩΕΗ
1103 2923 1798 3010 sotls'cPNaDcov-n·
1837 2922 2036 2979 otD3

221 2992 345 3062 ἔχοι
381 2989 444 3049 ἐν
479 2997 525 3048 Ρ
652 3002 685 3050 9
721 3000 1049 3050 detendumne
1085 2989 1225 3063 τὴνί)
1354 2999 1419 3049 10
1453 2990 1909 3060 πυνθανομένου
1943 2995 2020 3046 V=
2056 3011 2161 3045 πυ-

220 3059 486 3130 θομένου
537 3065 595 3116 Μ
617 3067 664 3129 Ω
689 3068 740 3117 D
764 3066 814 3117 R
835 3067 885 3116 A
907 3066 960 3116 K
982 3065 1024 3116 Z
1047 3081 1085 3116 v
1135 3060 1466 3131 πυρομένου
1512 3066 1556 3115 P
1607 3057 1992 3142 πυθουμὲνου
2034 3063 2081 3113 Ε
2107 3062 2163 3112 H

362 3135 422 3183 11
469 3169 483 3184 .
504 3134 675 3185 .σθαι
710 3151 849 3187 corr.
886 3149 959 3186 ex
994 3131 1106 3185 σθε
1141 3133 1188 3196 Ω
1214 3137 1246 3183 2
1372 3135 1434 3183 12
1471 3130 1573 3184 τοῦ
1610 3123 1840 3196 ξάνθου
1873 3147 1969 3183 om.
2005 3130 2050 3179 Ε

221 3203 288 3251 13
324 3192 780 3279 α’ναγκείλαντος
816 3204 859 3252 Ρ
980 3192 1156 3267 ἔκυνη
1192 3201 1238 3252 Ρ
1272 3208 1330 3250 ut
1344 3215 1519 3278 saepe
1640 3201 1706 3249 14
1741 3190 1954 3251 ἑαυτοῦ
1989 3197 2035 3259 Ω

216 3260 477 3320 κατευόα
511 3270 557 3320 Ρ
663 3272 726 3321 16
764 3263 943 3336 ζώσης
977 3262 1120 3349 ἐμοῦ
1155 3268 1207 3318 D
1324 3252 1368 3318 ὦ
1403 3284 1497 3319 om.
1536 3267 1606 3330 Ω,
1641 3272 1694 3316 in
1727 3266 1769 3317 Z
1804 3282 1944 3316 corr.
1980 3281 2049 3315 eae
2087 3255 2164 3324 ὥς

380 3329 569 3402 ξανθε
605 3332 648 3392 ἔ.
687 3355 824 3391 corr.
863 3354 934 3389 ex
971 3328 1191 3402 ξάνθος
1205 3329 1270 3386 Ρ
1426 3327 1735 3400 δυνηθήση
1775 3334 1826 3383 Κ
1849 3334 1890 3382 Ζ
1913 3350 1950 3382 v
1987 3329 2165 3391 δυνη-

218 3401 404 3471 θέρης
439 3405 497 3456 H
654 3409 715 3457 17
760 3420 1004 3471 σαναρμ.
1044 3405 1088 3454 Ρ
1251 3405 1316 3456 18
1348 3420 1469 3485 ,qen-
1499 3405 1606 3454 nolz‘
1638 3410 1850 3456 mutare.
1899 3389 1976 3450 δι’
2014 3392 2164 3450 ἔκει-

218 3489 338 3525 νων
375 3473 423 3536 Ω
565 3461 789 3541 ἀπῆρεν
824 3473 882 3523 Μ
905 3474 954 3524 Β
989 3464 1227 3537 ἄπείρεν
1261 3471 1308 3521 Ρ
1346 3488 1568 3551 απηρη
1575 3469 1625 3520 A
1764 3470 1828 3518 19
1864 3455 2069 3532 μέταδ
2109 3465 2165 3515 H

323 3543 393 3594 20
428 3544 481 3592 in
516 3540 567 3592 V
601 3549 720 3593 ante
757 3538 840 3602 εἰς
902 3543 1067 3592 unctis
1088 3542 1303 3592 deletum
1328 3545 1407 3591 est
1441 3530 1610 3595 τινὰς
1715 3533 1859 3602 φησὶ
1864 3483 1950 3584 RH
1974 3534 2020 3584 E
2045 3532 2087 3582 Z
2112 3533 2166 3583 K

323 3600 620 3675 ὀψώνισον
655 3608 706 3663 V
729 3609 800 3675 Q,
881 3600 1156 3675 ψώνησον
1190 3615 1430 3658 mutatum
1464 3610 1518 3657 in
1553 3598 1654 3670 ὂψ.
1689 3603 1731 3654 Ζ

1861 3685 1960 3738 17*
