2563 4087
1045 226 1194 279 vm.
2010 225 2080 289 81

174 368 366 456 γόμην
413 371 510 458 ,τῷ
558 367 787 455 κράτει
839 386 964 436 σου
1018 368 1130 436 ἐπὶ
1193 383 1344 448 ταῖς
1394 372 1743 457 ῥηθείσαις
1789 366 2089 459 ἡμέραις,

176 478 466 557 γίνωσκε,
496 470 817 555 δέσποτα,
846 467 936 548 ὥς
965 466 1103 539 ὑπὸ
1131 474 1253 538 τοῦ
1286 471 1700 539 διδασκάλου
1727 498 1860 558 μου
1894 480 2084 539 Συν-

174 579 316 639 τίπα
348 572 898 658 παρηγγελμένος
933 568 1110 658 ἤμην
1144 575 1266 639 τοῦ
1297 570 1455 659 μηδ’
1477 562 1664 652 ’ὅλως
1693 572 1881 650 ἐντὸς
1921 572 2085 641 έπτά
2108 600 2231 647 μιοι
2244 600 2292 639 B.

176 671 417 759 ἡμερῶν
454 672 666 756 λόγον
703 675 995 757 λαλῆσαί
1024 698 1192 740 τινα.
1243 671 1345 740 ὅτι
1382 672 1458 741 δὲ
1495 672 1679 741 καὶ*
1640 702 1680 759 η
1710 674 1887 761 γυνὴ
1918 672 2089 761 αὕτη

176 773 323 859 πρὸς
357 773 482 859 τὴν
508 772 784 859 σφαγήν
810 799 943 859 μου
970 774 1048 841 τὸ
1079 774 1326 862 κράτος
1355 794 1481 843 σου
1510 784 1880 864 παρεκίνει,
1905 802 2142 862 yvon-5

174 882 310 962 ρίζω
343 894 482 961 σοι,
518 878 796 961 βασιλεῦ
817 927 837 961 ,
886 876 1001 943 καὶ
1038 876 1195 963 περὶ
1229 876 1483 945 τούτου
1521 904 1627 956 ως
1663 876 1830 946 ὅταν
1865 875 1901 946 ὁ
1941 904 2091 945 και-

172 977 274 1063 ρὸς
305 979 422 1044 τοῦ
459 974 860 1062 μαθήματός
899 1002 1033 1062 μου
1074 976 1420 1062 ἐπλήρωσε
1455 981 1570 1047 καὶ
1606 977 1644 1046 ὁ
1684 979 2091 1058 διδάσκαλος

175 1079 411 1163 ἔπεμψέ
466 1103 550 1163 με
612 1077 785 1165 πρὸς
846 1077 922 1145 σὲ
982 1079 1098 1146 καὶ
1156 1077 1382 1147 ἐλθών
1437 1077 1564 1147 οὐκ
1620 1080 1910 1149 ἐλάλουν
1965 1101 2093 1151 σοι.

176 1178 547 1267 παρέδωκάς
597 1204 678 1266 με
727 1177 804 1246 δὲ
840 1178 1050 1267 αὐτῇ·
1101 1176 1144 1267 ἢ
1197 1182 1312 1247 καὶ
1350 1178 1665 1267 ἀπήγαγέ
1692 1207 1774 1267 με
1823 1188 1919 1260 εἰς
1967 1182 2091 1266 τὴν

175 1286 377 1348 οἰκίαν
411 1278 625 1366 αὐτῆς
662 1282 776 1347 καὶ
825 1277 1166 1368 ἄρξαμένη
1216 1288 1451 1350 λαλεῖν
1487 1309 1607 1370 με,
1660 1281 1874 1369 ἐφάνη
1927 1279 2086 1349 ἆκό-
2121 1310 2168 1348 ιο

178 1387 391 1460 λαστος
425 1381 540 1448 καὶ
579 1382 834 1470 πόρνη,
886 1382 1058 1471 πρὸς
1104 1390 1486 1452 συνουσίαν
1533 1383 1649 1452 καὶ
1696 1382 1878 1470 μῖξιν
1930 1385 2081 1452 ἑαυ-

176 1485 278 1566 τῆς
324 1487 817 1570 παρακινοῦσα·
885 1500 1250 1572 προῃρεῖτο
1314 1482 1447 1573 γὰρ
1510 1487 1963 1571 συγγενέσθαι
2011 1512 2092 1571 με

177 1581 362 1670 αὐτῇ·
400 1584 530 1669 ἐγώ
573 1588 748 1670 γοῦν
783 1584 859 1652 τὸ
897 1583 1174 1664 ἀναιδὲς
1229 1586 1399 1654 ἰδών
1444 1589 1561 1673 τῆς
1610 1586 1938 1673 γυναικὸς
1975 1588 2090 1655 καὶ

52 1752 63 1767 ,
178 1682 239 1751 τὸ
275 1682 567 1772 ἅπρεπον
604 1690 728 1754 τοῦ
766 1686 978 1772 λόγου
1016 1686 1348 1773 ἀκούσας,
1383 1689 1497 1755 καὶ
1534 1686 1684 1755 κατ’
1725 1686 1933 1775 αὐτῆς
1969 1715 2091 1774 με-

52 1782 55 1807 ²
179 1784 374 1868 γάλως
405 1795 801 1875 θυμωθείς,
840 1789 1274 1877 ἐπελαθόμην
1301 1791 1416 1869 καὶ
1452 1792 1571 1874 τῆς
1600 1791 1723 1857 τοῦ
1758 1789 2090 1858 ὃιδασκοὶ-
2120 1813 2168 1853 15

52 1824 55 1985 ‚
181 1893 288 1955 λου
320 1908 445 1973 μου
485 1896 945 1976 παραγγελίας
981 1890 1091 1958 διὰ
1127 1890 1252 1976 τὴν
1280 1912 1574 1959 ατακτον
1607 1889 1826 1978 ὁρμὴν
1854 1889 2091 1977 αὐτῆς,

178 1989 277 2056 καὶ
311 1989 513 2070 λύσας
550 1990 676 2076 τὴν
714 1990 974 2079 σιωπήν
1012 1990 1204 2061 εἶπον
1238 1992 1407 2080 πρὸς
1435 1990 1655 2079 αὐτὴν
1683 1989 1947 2079 ἡμέρως
1975 1994 2092 2059 καὶ

181 2111 504 2178 προσηνως
541 2090 644 2160 ότι
696 2119 872 2179 ,,ουκ
908 2091 1419 2180 ἀπολογήσομαι
1453 2091 1580 2162 οσα
1614 2119 1726 2182 μοι
1761 2084 2091 2180 λέγεις,ω

184 2192 441 2279 ,,γυ’ναι,
477 2192 649 2281 πρὸς
688 2195 803 2280 σέ,
852 2197 977 2273 ἕως
1026 2185 1109 2263 οὗ
1153 2196 1319 2263 ἑπτὰ
1364 2194 1609 2283 ἡμέραι
1655 2196 2091 2284 παρέλθωσιν

185 2289 342 2376 „dno
388 2299 502 2379 τῆς
539 2294 871 2383 σήμερον,
920 2297 1036 2363 καὶ
1086 2298 1224 2363 τῶν
1273 2294 1544 2384 ἡμερῶν
1594 2302 2091 2386 παρελθουσῶν
2120 2323 2171 2362 20

185 2391 718 2482 ,,ἀπολογήσομαί
759 2416 864 2464 σοι
910 2397 1060 2466 τότε
1095 2397 1329 2477 καθώς
1377 2400 1612 2484 πρέπει
1649 2419 1753 2466 σοι
1802 2400 1954 2484 περὶ
1995 2388 2092 2465 ὧν

298 2662 319 2707 l
356 2651 595 2737 ἔφθεγκ.
623 2661 670 2709 V
788 2663 820 2711 3
855 2658 959 2712 τοῦ
995 2678 1065 2712 ex
1098 2678 1191 2712 usu
1226 2665 1360 2712 illius
1394 2663 1514 2712 aeui
1544 2663 1770 2711 additum
1900 2663 1931 2710 6
1956 2655 2067 2711 ταύ

184 2738 266 2789 της
297 2727 347 2776 Μ
457 2743 553 2778 οτε
588 2727 646 2776 Μ
683 2728 876 2779 rectius
987 2731 1017 2780 ¹7
1056 2721 1364 2795 ἐπληρώθη
1402 2731 1617 2779 coniecit
1651 2728 1830 2783 Boias
1864 2730 2093 2790 fortasse

183 2795 321 2842 tumen
353 2786 638 2859 ἐπλήρωσε
681 2798 1032 2860 intransitiue,
1068 2803 1122 2846 ut
1158 2800 1326 2858 aiunt,
1375 2799 1559 2847 dictum
1604 2798 2012 2862 quemadmodum
2047 2814 2094 2847 ιι.

185 2859 400 2923 γεμίζειν
424 2865 740 2914 recentiores
762 2866 838 2913 uti
861 2864 1237 2915 obseruauimus
1261 2839 1437 2926 59,10
1541 2865 1572 2914 9
1608 2865 1853 2928 apodosis
1889 2871 1940 2913 et
1976 2881 2090 2915 sen·

184 2929 315 2977 tentia
363 2934 656 2993 postulante
702 2937 751 2980 et
797 2933 964 2982 altera
1013 2933 1310 2982 recensione
1358 2931 1416 2980 M
1461 2933 1810 2995 adstipulante
1864 2935 2094 2997 incipere

186 2993 367 3047 debebat
409 3016 441 3048 a
476 2999 648 3049 uerbis
683 2988 979 3065 αρξαμένη
1017 3000 1064 3050 λ.
1102 3014 1201 3063 με,
1240 2991 1461 3065 ἐφάνη.
1478 3014 1517 3049 .:
1565 3001 1661 3049 sed
1701 3001 1931 3065 scriptor
1975 3004 2093 3051 inde

186 3074 213 3107 a
242 3079 313 3115 ιιιι.
354 3055 391 3131 ἣ
427 3064 583 3118 καὶ..
625 3070 657 3116 9
707 3084 740 3115 a
782 3074 1044 3117 structura
1090 3068 1298 3131 incepta
1342 3067 1551 3117 liberius
1595 3069 1847 3122 discessit.
1923 3071 2065 3118 itau

189 3141 266 3177 non
296 3137 499 3196 amplius
531 3133 698 3199 probo
774 3137 877 3184 uod
916 3136 1191 3200 aliquando
1236 3138 1526 3197 suspicatus
1570 3151 1675 3184 sum
1716 3151 1818 3199 pro
1864 3154 1913 3189 u.
1962 3086 2094 3186 ὄζω
2065 3139 2096 3184 9

188 3199 513 3251 restituendum
550 3216 663 3253 esse
697 3217 729 3250 τ
763 3217 825 3253 τε
999 3204 1058 3250 11
1109 3200 1315 3287 μίξιν
1312 3202 1455 3251 ABV
1631 3204 1693 3252 12
1738 3219 1809 3283 με
1847 3219 2095 3267 παρακι-

188 3260 367 3314 roiam?
402 3285 470 3331 με
506 3260 744 3350 ἠρέθιζε
779 3270 853 3320 Μ.
890 3287 938 3319 ιι.
977 3270 1026 3318 D
1158 3273 1374 3348 ῃρεῖτο
1412 3271 1470 3320 Μ
1615 3284 1685 3334 με
1726 3263 1891 3336 αὐτῇ,
1931 3278 1984 3319 ut
2020 3279 2096 3319 est

189 3328 229 3375 ²²²
255 3331 320 3391 Μ,
350 3339 560 3400 scripsi.-
596 3351 696 3400 μοι
708 3328 879 3414 αυτῆ
919 3337 1061 3387 VAB
1099 3329 1250 3402 αὐτή
1287 3337 1647 3390 Boissonade.
1685 3338 1756 3399 cf.
1795 3338 1843 3386 D
2032 3341 2094 3385 13

190 3367 362 3459 detdic
395 3404 441 3453 V
595 3406 659 3454 14
695 3393 955 3467 ἅπρεπον
996 3404 1185 3455 Graeci
1216 3407 1455 3456 hodierni
1488 3407 1663 3455 dicere
1697 3408 1863 3455 solent
1995 3403 2095 3453 καὶ

191 3471 286 3513 ante
316 3462 438 3519 κατ’
464 3488 563 3522 non
586 3473 838 3523 commode
875 3489 906 3521 a
929 3475 1187 3537 scriptore
1212 3474 1463 3523 adiectum
1571 3474 1633 3524 18
1660 3463 2093 3536 ἀπολογήσομαι

190 3527 272 3579 ie.
305 3525 716 3604 ἀποκρινοῦμαι
856 3530 990 3606 οσα]
1029 3538 1159 3604 περὶ
1197 3528 1276 3591 ὧν
1314 3541 1387 3592 Μ.
1429 3534 1513 3597 εἰς
1551 3529 1696 3590 oca?
1733 3556 1780 3587 u.
1820 3540 1869 3588 D

252 3621 490 3669 FAB.R011.
518 3630 555 3669 1.
1657 3626 1688 3672 6
