2563 4087
1026 305 1274 368 Aesopus
1311 301 1341 351 1
2031 299 2159 365 273

205 462 571 547 τύπτομαι,
609 458 695 529 σύ
727 457 868 529 δ’ὁ
896 465 1063 547 μίαν
1093 457 1264 529 ἰδών
1288 456 1508 547 μόνην
1537 465 1635 540 εἰς
1662 457 1961 546 εὐωχίαν
1986 457 2156 528 ἄπει.

208 566 419 642 ἕωλος
451 559 550 650 ἄρ’
579 552 667 648 ἦν
690 558 733 647 ἡ
762 566 1236 630 οίωνοσκοπία.
1241 557 1286 594 “
1338 562 1453 628 καὶ
1480 560 1516 629 ὁ
1545 561 1817 641 Ξάνθος
1852 559 1929 630 τὰ
1958 559 2160 648 ἀγχί-

202 690 382 734 νουν
396 662 614 732 αύτου
584 663 1017 750 θαυμάσας,
1033 663 1433 734 παύσασθαι
1444 661 1701 733 κελεύει
1713 661 2156 751 τυπτόμενον.

350 764 551 835 Μετὰ
613 762 677 832 δ’
743 763 825 833 οὐ
897 764 1158 845 πολλὰς
1225 761 1479 857 ἡμέρας
1551 765 2007 853 φιλοσόφους.
2044 766 2159 834 καὶ
2198 782 2329 834 XIX

208 867 504 956 ῥήτορας
551 866 838 946 καλέσας
888 865 924 935 ὁ
972 865 1277 950 Ξάνθος,
1343 866 1651 936 ἐκέλευσε
1710 868 1811 958 τῷ
1859 864 2161 958 Αἰσώπῳ
2186 900 2213 940 5

211 967 345 1057 πρὸ
400 971 525 1037 τοῦ
585 969 903 1047 πυλῶνος
958 973 1195 1054 στῆναι
1258 967 1374 1034 καὶ
1442 969 1700 1056 μηδένα
1762 971 1904 1038 τῶν
1971 973 2163 1039 ἰδιω-

210 1072 353 1138 utin
424 1076 763 1139 εἰσελθεῖν
834 1072 1290 1157 συγχωρῆσαι,
1357 1067 1501 1138 ἀλλ’
1571 1065 1615 1157 ἢ
1674 1066 1840 1148 τούς
1903 1069 2162 1158 σοφοὺς

215 1171 494 1260 μόνους.
566 1172 653 1260 τῇ
705 1168 784 1239 δὲ
834 1168 978 1262 ὥρα
1023 1173 1147 1240 τοῦ
1196 1170 1481 1260 ἀρίστου
1529 1177 1802 1250 κλείσας
1838 1182 2160 1251 Αἴσωπος

213 1273 337 1342 τὸν
386 1276 702 1358 πυλῶνα,
754 1273 945 1352 ἐντὸς
995 1274 1356 1362 ἐκαθέσθη.
1429 1277 1568 1341 τῶν
1616 1273 2047 1360 κεκλημένων
2085 1273 2168 1342 δέ

212 1400 395 1455 τινος
446 1373 768 1453 ἐλθόντος
816 1376 931 1443 καὶ
967 1374 1098 1460 τὴν
1130 1373 1369 1463 θύραν
1403 1374 1800 1462 κόπτοντος,
1838 1383 2160 1454 Αἴσωπος
2187 1407 2237 1446 10

217 1481 505 1545 ἔνδοθεν
533 1481 693 1563 ἔφη·
743 1481 864 1562 ,,τι’
885 1483 1046 1546 σείει
1071 1503 1109 1543 ο
1089 1474 1413 1561 ’κύωνςίί
1463 1472 1501 1545 ὃ
1536 1475 1613 1546 δὲ
1646 1482 1933 1564 νομίσας
1967 1476 2161 1544 κύων

214 1579 576 1664 κληθῆναι,
604 1574 949 1664 ὀργισθεὶς
976 1574 1425 1668 ἀνεχώρησεν.
1481 1574 1695 1657 οὕτως
1723 1568 1854 1646 οὖν
1881 1580 2160 1657 ἕκαστος

218 1677 746 1766 ἀφικνούμενος,
774 1669 980 1759 αὖθις
1006 1677 1210 1769 ἀπῄει
1237 1679 1373 1750 σὺν
1407 1678 1607 1769 ὀργῇ,
1632 1686 1926 1767 νομίζων
1950 1678 2160 1768 ὑβρί-

215 1789 469 1868 ζεσθαι,
513 1782 637 1848 τοῦ
690 1779 1021 1850 Αἰσώπου
1066 1780 1284 1850 ταύτά
1335 1782 1596 1861 πάντας
1648 1786 1935 1851 ἔνδοθεν
1987 1784 2159 1870 ἐρω-

216 1883 491 1961 τῶντος.
582 1880 733 1961 ἑνὸς
795 1880 860 1950 δ’
913 1880 1146 1951 αὐτῶν
1192 1883 1534 1964 κόψαντος
1580 1885 1697 1951 καὶ
1747 1891 1869 1969 ,,τι’
1912 1890 2071 1952 σείει
2119 1882 2157 1951 ὁ
2188 1913 2238 1953 15

216 1980 499 2068 κύων“;
562 1980 1007 2071 ἀκούσαντος,
1070 1986 1184 2053 καὶ
1251 1985 1435 2072 ,,τήν
1485 2011 1558 2054 τε
1608 1985 1853 2070 κέρκον
1907 1984 2023 2052 καὶ
2074 1982 2157 2052 τά

219 2077 408 2154 εἶτα66
448 2083 964 2175 ἀποκριθέντος,
1002 2096 1325 2166 Αἴσωπος
1362 2086 1575 2156 αὐτὸν
1611 2084 1841 2173 ὀρθῶς
1876 2085 2157 2173 δοκιμά-
2185 2127 2230 2168 p.
2252 2117 2363 2157 εει).

217 2207 344 2267 σας
371 2181 889 2277 ἀποκεκρίσθαι,
926 2186 1204 2269 ἀνοίξας
1231 2187 1552 2277 πρόςτόν
1579 2186 1915 2274 δεσπότην
1948 2184 2160 2275 ἤγαγε

219 2291 334 2357 καὶ
373 2296 617 2376 φησίν·
674 2288 956 2377 ,,ούδεὶς
1001 2293 1143 2358 τῶν
1178 2289 1582 2377 φιλοσόφων
1629 2291 2167 2375 συνεστιαθῆναί

221 2410 325 2459 σοι
369 2380 609 2477 ἦλθεν,
660 2382 712 2460 ὦ
761 2392 1075 2477 δέσποτα,
1125 2390 1305 2479 πλὴν
1352 2382 1553 2471 οὗτος
1596 2388 1874 2480 μόνος“.
1958 2391 2073 2459 καὶ
2122 2388 2158 2460 ὁ
2187 2422 2238 2462 20

221 2491 497 2570 Ξάνθος
558 2491 828 2581 σφόδρα
873 2491 1210 2581 ἠθύμησε,
1270 2499 1853 2582 παραλελογίσθαι
1898 2493 2160 2579 οἰηθεὶς

215 2590 357 2662 ’ὑπὸ
409 2593 550 2662 τῶν
598 2595 1011 2681 κληθέντων.
1084 2595 1170 2683 τῇ
1218 2594 1284 2663 δ’
1335 2593 1662 2683 ὑστεραίᾳ
1711 2591 2160 2672 συνελθόντες

354 2758 382 2806 1
423 2748 496 2806 σύ
533 2745 588 2807 δ’
629 2756 688 2806 Μ
799 2760 831 2807 2
868 2752 1040 2816 ἕωλος
1077 2757 1123 2819 Q
1149 2757 1197 2807 P
1220 2757 1262 2806 Z
1287 2758 1323 2808 b
1437 2723 1782 2809 οἰνοσκοπία
1815 2757 1866 2806 D
1903 2751 2161 2808 οἰνοσκο-

215 2823 325 2876 πία
360 2824 412 2873 R
516 2826 549 2875 3
578 2814 653 2890 ἀγ
693 2823 890 2876 οίνουν
915 2824 967 2875 D
1071 2818 1297 2877 κελεύει
1321 2815 1624 2877 παύεσθαι
1651 2827 1697 2889 Q
1738 2824 1822 2889 (αι
1846 2840 1985 2875 corr.
2014 2841 2083 2876 ex
2110 2822 2158 2891 ε)

316 2893 352 2941 4
390 2882 449 2941 δ’
489 2880 582 2958 οὖ]
620 2842 769 2954 δξρ
892 2896 924 2944 6
963 2889 1167 2957 στῆσαι
1200 2892 1251 2944 R
1370 2888 1600 2969 μὴδένα
1633 2892 1691 2942 H
1802 2894 1834 2943 7
1871 2887 2164 2946 εἰσελθεῖν

215 2959 273 3009 Μ
309 2974 395 3024 pr.
432 2975 504 3009 εκ
538 2975 676 3010 corr.
783 2949 823 3025 ἢ
858 2975 951 3011 om.
991 2960 1040 3011 Φ
1147 2961 1211 3012 10
1243 2963 1383 3011 inter
1406 2952 1623 3012 κόπτον
1660 2968 1713 3011 et
1736 2976 1832 3020 τος
1854 2962 1908 3011 in
1934 2963 1980 3024 Q
2019 2968 2162 3042 quat-

216 3035 336 3078 tuor
357 3029 564 3077 litterae
588 3028 654 3077 ab
678 3027 821 3078 initio
854 3043 1034 3079 uersus
1058 3044 1245 3079 erasae
1352 3030 1412 3078 11
1451 3023 1625 3081 ἔνδον
1659 3029 1706 3091 Q
1811 3026 1960 3080 τίσει
1985 3043 2035 3080 ει
2061 3022 2091 3080 ὁ
2117 3029 2162 3078 Ρ

352 3086 411 3160 ὁ]
447 3086 480 3145 ὃ
518 3088 585 3144 δὲ
619 3095 654 3145 b
692 3096 868 3147 1530
937 3096 1000 3145 12
1034 3085 1333 3177 ὀργισθεὶς
1368 3098 1418 3146 in
1453 3095 1502 3145 A
1536 3097 1658 3147 add.
1694 3095 1743 3145 A
1765 3099 1797 3146 2
1878 3112 2081 3175 ουτος
2114 3096 2165 3147 A

215 3152 389 3221 οὖτος
429 3161 477 3211 P
617 3164 680 3214 13
718 3152 892 3228 ἀπείη
930 3162 977 3212 Ε
1105 3155 1400 3242 υβρίσθαι
1433 3163 1483 3213 A
1612 3167 1674 3214 14
1718 3155 1904 3215 ταυτὰ
1938 3166 1996 3214 Μ
2019 3165 2069 3214 V
2091 3164 2162 3230 R,

212 3229 264 3292 Q
313 3229 502 3292 (eraso
515 3229 759 3309 spiritu)
803 3229 850 3279 E
875 3231 917 3280 Ζ
939 3246 977 3279 v
1020 3229 1205 3282 ταῦτα
1239 3231 1289 3280 A
1332 3223 1518 3283 ταύτα
1553 3231 1598 3282 Ρ
1771 3223 2079 3294 ἐρωτόντος
2112 3203 2162 3282 E'

356 3298 421 3347 15
458 3289 654 3349 αὐτῶν
689 3297 735 3347 Ρ
759 3296 800 3346 Ζ
936 3297 1001 3349 τί
1031 3312 1103 3349 συ
1140 3294 1195 3351 εἰ
1229 3291 1260 3350 ὁ
1298 3299 1343 3348 Ρ
1482 3300 1546 3349 16
1582 3313 1644 3350 τε
1678 3301 1731 3349 in
1765 3299 1823 3348 M
1856 3316 2058 3379 supra
2044 3315 2161 3349 uer·

207 3380 320 3414 sum
355 3366 482 3417 add.
517 3366 632 3415 Μ2
674 3371 730 3415 ut
771 3367 976 3417 uidetur
1130 3368 1193 3417 17
1238 3365 1362 3418 δοκ.
1406 3357 1473 3431 ὁρ
1476 3366 1541 3417 θ.
1578 3356 1676 3417 ἀπ.
1715 3367 1761 3428 Q
1919 3368 1982 3417 18
2017 3357 2162 3446 ἤγα-

211 3447 319 3498 γεν
352 3433 412 3483 Μ
554 3434 619 3484 19
655 3431 1129 3498 συνεσθιαθῆναι
1164 3434 1214 3483 V
1251 3432 1751 3501 συνεστιασθῆναι
1773 3433 1824 3482 D
1956 3435 2024 3485 20
2060 3422 2162 3485 οὗ·

211 3531 312 3580 τος
349 3512 449 3577 καὶ
486 3532 546 3579 μ.
584 3518 630 3567 Ε
778 3519 842 3567 21
877 3506 1152 3584 ἠθύμησε
1189 3534 1347 3571 erasa
1380 3523 1414 3570 l.
1455 3536 1489 3570 ν
1527 3522 1573 3583 Q
1612 3509 1926 3583 ἦθύμησεν
1960 3518 2018 3570 Μ

210 3636 281 3686 22
318 3626 455 3701 υπὸ]
474 3601 642 3702 2⁷32&
666 3636 715 3685 R
737 3650 804 3686 m.
833 3651 912 3701 pr.
1035 3634 1138 3701 τῆς
1164 3628 1223 3687 δ’
1248 3630 1552 3704 ὑστεραίας
1577 3635 2163 3700 MRQDQEHKZv

317 3725 650 3768 Fu.Bon.1.
1838 3724 1903 3773 18
