2563 4087
34 3124 37 3131 ι

2036 265 2160 329 159

214 400 711 489 εὐεργετήσασι.
766 398 889 468 τὸν
923 402 1152 488 μέντοι
1188 405 1495 472 τοιοῦτον
1532 403 1948 493 διάστροφον
1979 412 2156 494 μᾶλ-

210 513 340 571 λον
391 500 567 572 εἶναι
611 502 1048 591 γινώσκομεν.
1125 494 1328 585 οὗτος
1377 503 1455 574 δὲ
1499 503 1793 595 ἀκριβῶς
1843 510 2154 595 ἐπιμελη-

212 605 513 692 σάμενος
548 603 1011 692 δοκιμώτατον
1036 632 1118 693 με
1143 609 1227 694 τῇ
1257 614 1629 697 φιλοσοφίᾳ
1656 609 1770 676 καὶ
1797 614 1884 696 τῇ
1910 608 2157 695 γνώσει

205 707 599 794 κατέστησε.
662 707 777 775 καὶ
823 705 953 796 χρὴ
997 712 1247 776 τοῦτον
1283 704 1466 797 παρά
1503 712 1624 796 τῆς
1660 714 1780 796 σῆς
1815 717 2157 797 βασιλείας

205 807 423 889 ἀξίαν
469 812 592 895 τῆς
641 809 1017 896 ἐπιμελείας
1064 810 1180 877 καὶ
1226 808 1353 897 τὴν
1400 807 1690 899 ἀμοιβὴν
1724 819 2152 899 κομίσασθαι.
2181 839 2206 880 5

211 912 365 978 ἐπεὶ
404 908 500 996 δ’,
541 899 594 977 ὦ
628 914 937 997 βασιλεῦ,
973 911 1088 979 καὶ
1125 901 1325 979 οὗτοί
1355 932 1480 981 σου
1517 917 1592 981 οἱ
1621 912 1980 1001 φιλόσοφοι
2009 916 2154 983 ε’πι-

206 1015 657 1100 μαρτυροῦσί
686 1038 798 1098 μοι
835 1007 926 1091 ώς
962 1012 1080 1080 καὶ
1115 1009 1350 1080 αὐτῶν
1388 1011 1473 1100 δὴ
1513 1027 1658 1093 τοῖς
1686 1013 1911 1100 λόγοις
1938 1013 2156 1105 ὑπερ-

204 1116 417 1200 τερώ,
452 1110 758 1181 ἄκουσόν
791 1138 925 1199 μου
961 1109 1080 1201 τῆς
1116 1113 1466 1202 παρούσης
1501 1113 1880 1202 διηγήσεως.

377 1214 535 1284 Δύο
570 1213 702 1302 γάρ
737 1239 888 1282 τινα
923 1218 1162 1284 παιδία
1191 1213 1595 1303 ἐτύγχανον,
1628 1214 1705 1283 τό
1733 1214 1860 1304 μὲν
1886 1216 2154 1305 χρόνων
2181 1256 2226 1294 p.
2254 1245 2307 1286 92

206 1317 447 1402 πέντε,
480 1316 560 1384 τὸ
596 1313 674 1384 δὲ
711 1317 938 1403 τριῶν.
994 1306 1082 1401 ἦν
1118 1315 1196 1384 δὲ
1231 1323 1353 1386 καί
1382 1342 1481 1397 τις
1516 1315 1691 1406 ἀνὴρ
1727 1319 2006 1406 γηραιὸς
2041 1319 2156 1386 καὶ
2183 1347 2233 1386 10

208 1416 575 1506 ἀνάπηρος
610 1413 749 1505 ἅμα
784 1418 901 1485 καὶ
937 1416 1353 1507 παράλυτος,
1398 1415 1476 1499 ὂς
1512 1419 1782 1487 συνέσει
1817 1422 1931 1488 καὶ
1969 1418 2158 1505 ἀγχι-

204 1526 378 1610 νοίᾳ
416 1518 553 1588 σύν
591 1515 872 1598 ἐκείνοις
903 1515 1165 1607 ὑπῆρχε
1198 1518 1688 1608 κατάκοσμος.“

366 1619 441 1689 Ὁ
479 1619 558 1689 δὲ
591 1619 909 1708 βασιλεὺς
943 1619 1068 1688 τὸν
1101 1621 1341 1709 εἱρμὸν
1376 1620 1786 1690 ἀνακόπτων
1836 1625 1959 1690 τοῦ
2008 1625 2158 1710 διη-

209 1722 543 1810 γήματος,
581 1723 758 1808 λέγει
782 1724 877 1812 τῷ
906 1725 1042 1814 υἱῷ
1074 1719 1223 1790 ‘acal
1249 1730 1354 1802 τίς
1381 1713 1491 1812 ἦν,
1522 1726 1788 1810 τέκνον,
1821 1722 1864 1811 ή
1893 1722 2158 1791 τούτων

208 1821 605 1905 ύπόθεσις’;
653 1820 1021 1910 ἀναλαβών
1058 1823 1136 1892 δὲ
1171 1821 1208 1893 ὁ
1247 1839 1409 1904 παῖς
1456 1824 1579 1893 τὸν
1627 1824 1835 1909 λόγον
1886 1822 2159 1893 ἄνωθεν
2186 1852 2236 1891 15

206 1930 515 2013 διηγεῖτο
550 1927 769 2012 λέγων
792 1941 807 1955 ·

360 2021 608 2117 ’Ἀνήρ
643 2054 742 2106 τις
775 2016 863 2113 ἦν
897 2030 1219 2108 κίναιδος.
1291 2021 1365 2106 ὃς
1404 2023 1607 2113 ἡνίκα
1644 2027 1797 2114 περὶ
1834 2025 2159 2113 γυναικὸς

211 2129 533 2209 εὐειδοῦς
593 2127 899 2218 ἠκηκόει,
969 2129 1137 2217 πρὸς
1209 2130 1478 2216 ἐκείνην
1538 2126 1903 2207 ἀκολασίας
1964 2126 2159 2216 χάριν

212 2229 439 2312 εὐθύς
482 2228 856 2319 ἐπορεύετο.
934 2220 1243 2317 ἐδηλώθη
1280 2233 1454 2315 γοῦν
1490 2227 1676 2320 αὐτῷ
1718 2231 1792 2298 ἐν
1839 2232 1956 2319 μιᾷ
2005 2236 2166 2316 περί

213 2360 403 2412 τινος
442 2329 859 2421 ώραιοτάτης
895 2330 1256 2418 γυναικός,
1303 2333 1420 2400 καὶ
1457 2330 1702 2400 αὐτίκα
1740 2331 1909 2419 πρὸς
1929 2329 2161 2457 σεαὐτὴν
2186 2356 2236 2397 20

213 2433 618 2522 ἀπελήλυθε
652 2439 1027 2512 συνουσίας
1063 2437 1338 2502 εινεκεν.
1403 2431 1537 2519 εἶχε
1567 2432 1643 2502 δε
1670 2438 1886 2501 παῖδα
1911 2431 1953 2518 ἡ
1982 2432 2160 2518 γυνὴ

216 2540 452 2637 ἐκείνη
495 2537 667 2603 ἐτῶν
700 2538 906 2623 τριῶν
940 2539 1025 2622 τῇ
1061 2533 1291 2623 ἡλικία
1333 2534 1779 2620 τυγχάνοντα.
1843 2530 1924 2612 ὃς
1971 2559 2160 2619 τηνι-

215 2640 444 2706 καῦτα
486 2642 680 2723 ἔτυχε
726 2639 948 2722 λέγειν
996 2638 1081 2723 τῇ
1130 2642 1363 2723 μητρί·
1419 2632 1982 2720 ’παρασκεύασόν
2025 2660 2162 2722 μοι,

217 2729 268 2806 ὦ
318 2741 578 2827 μῆτερ,
628 2736 876 2825 ἔδεσμά
917 2762 981 2804 τι
1030 2741 1154 2805 τοῦ
1207 2751 1474 2824 φαγεῖν.
1551 2731 1598 2820 ἢ
1633 2734 1711 2804 δὲ
1758 2733 1992 2823 ὁρώσα
2040 2734 2164 2804 τὸν

218 2837 446 2928 ανδρα
486 2844 749 2909 ἐκεῖνον
785 2835 955 2928 πρὸς
1008 2838 1132 2924 τὴν
1166 2836 1308 2925 μετ’
1351 2835 1563 2925 αὐτῆς
1599 2836 2160 2925 κατεπειγόμενον
2186 2860 2238 2902 25

219 2941 631 3029 ἀκολασίαν,
668 2941 846 3028 λέγει
872 2938 1042 3029 πρὸς
1071 2937 1316 3009 αὐτόν·
1366 2936 1640 3027 “μικρόν
1665 2965 1745 3027 με
1772 2938 2164 3028 ἀνάμεινον,

353 3193 389 3241 6
429 3186 904 3254 συμμαρτυροῦσί
936 3187 978 3238 Ρ
1087 3189 1116 3236 7
1151 3177 1494 3254 ὑπερτερεῖν
1530 3188 1664 3250 cod„
1702 3177 1792 3240 ὅτι
1828 3178 2163 3253 ὑπερβάλλω

220 3306 261 3355 Ρ
405 3309 437 3359 9
476 3308 528 3356 in
561 3308 789 3371 margine
824 3321 858 3355 κ
995 3307 1028 3355 9
1062 3296 1270 3385 χρόνον
1423 3307 1486 3355 12
1522 3268 1767 3364 ἐκείνοις
1914 3295 2161 3353 κατάκο·
2281 3339 2317 3365 .
2428 3360 2432 3364 ,

224 3389 325 3437 μσς
372 3376 519 3429 cod..
566 3375 706 3440 quod
747 3375 960 3438 reposui
992 3367 1351 3451 κατάκοσμος
1387 3387 1447 3423 eo
1476 3375 1715 3436 firmatur
1743 3373 1888 3448 quod
1918 3370 2061 3450 {nfra
2097 3371 2162 3420 de

225 3444 411 3494 eisdem
447 3440 729 3494 hominibus
763 3441 953 3491 dicitur
985 3438 1169 3506 πολλῇ
1207 3438 1276 3508 τῇ
1351 3432 1520 3492 νώσει
1558 3438 1660 3492 καὶ
1704 3456 1772 3503 τῃ
1810 3433 2034 3488 συνέσει
2069 3451 2164 3487 κε-

225 3501 609 3640 ξξῗέιηεῗτοῧὸ
648 3509 749 3626 517
784 3502 1063 3567 κύναιδος
1234 3456 1366 3561 92¹1!
1403 3506 1510 3577 μιᾷ
1546 3510 1615 3571 cf.
1655 3457 1772 3568 137'‚
1805 3508 1837 3555 9
1970 3505 2036 3555 23
2071 3499 2163 3555 λέ·
