2563 4087
2041 237 2163 301 149

180 374 575 455 πεποιθώς
613 375 1105 466 προσπαθείᾳ;’
1162 377 1427 444 τούτων
1475 376 1512 446 ὁ
1551 382 1783 466 Κῦρος
1832 380 2003 468 πρὸς
2039 382 2161 448 τοῦ

185 478 526 565 ἑβδόμου
565 478 964 565 συμβούλου
1008 479 1131 547 τοῦ
1180 478 1582 565 σοφωτάτου
1632 478 2164 568 ἀκροασάμενος,

184 578 487 660 εὐθέως
528 581 648 647 ἕνα
684 581 821 647 τῶν
870 577 1286 668 δορυφόρων
1333 577 1552 649 αὐτοῦ
1602 582 2163 670 προσεκαλέσατο,

184 688 493 760 στείλας
522 684 618 773 τῷ
649 675 1159 771 σπεκουλάτωρι
1185 682 1300 748 καὶ
1327 673 1625 750 κελεύων
1642 671 1965 771 μηδαμῶς
1987 679 2164 751 ἀποέ

184 779 639 851 κτεῖναιτὸν
674 780 834 851 υίὸν
870 781 1103 851 αὐτοῦ.
1161 779 1306 850 εἶτα
1339 785 1456 868 τῆς
1501 782 1748 872 ὀγδόης
1797 786 2162 872 έφισταμέ-
2189 813 2215 851 5

185 911 334 971 νης
402 881 658 971 ἡμέρας
720 882 952 953 λύεται
1014 881 1139 971 μὲν
1186 889 1311 951 τοῦ
1361 887 1477 972 τῆς
1526 888 1780 971 σιωπῆς
1830 886 2081 973 δεσμοῦ
2121 884 2164 973 ἡ
2222 920 2230 928 ·

186 991 332 1054 τοῦ
381 985 626 1064 παιδὸς
662 986 952 1073 γλῶττα,
988 982 1102 1053 καὶ
1133 978 1505 1073 ἀρξάμενος
1535 988 1960 1073 φθέγγεσθαι
1986 989 2164 1073 λέγει
2192 1026 2233 1065 p.
2263 1016 2312 1055 ⁷9

189 1086 389 1175 πρός
440 1112 593 1155 τινα
640 1087 853 1176 κόρην
900 1086 1032 1176 πρὸ
1080 1088 1221 1154 τῶν
1273 1085 1654 1174 ὀφθαλμῶν
1701 1087 1920 1156 αὐτοῦ
1972 1093 2162 1157 ἱστα-

189 1191 470 1275 μένην·
513 1186 785 1273 ’ταχέως
821 1185 1245 1275 ἀπελθοῦσα,
1283 1191 1535 1275 νεᾶνις,
1573 1189 1863 1257 κάλεσόν
1899 1217 2010 1276 μοι
2041 1191 2165 1257 τὸν

191 1293 359 1359 τῶν
397 1289 800 1376 φιλοσόφων
834 1292 959 1357 τοῦ
997 1292 1160 1377 ἐμοῦ
1192 1291 1447 1378 πατρὸς
1474 1289 1589 1369 καὶ
1614 1291 1944 1378 βασιλέως
1971 1315 2157 1380 πρω-
2191 1321 2239 1359 ιο

190 1389 547 1460 τεύσντα.’
615 1388 656 1477 ἡ
703 1388 780 1459 δὲ
829 1393 947 1476 τῆς
998 1392 1231 1477 φωνῆς
1279 1389 1588 1479 ἀσμένως
1633 1396 1756 1460 τοῦ
1795 1399 2163 1461 νεανίσκου

193 1492 612 1579 ἀκούσασα,
663 1491 1016 1580 πορεύεται
1060 1491 1231 1581 πρὸς
1264 1491 1388 1560 τόν
1424 1493 1802 1581 φιλόσοφον
1853 1494 1974 1562 τὸν
2025 1496 2164 1562 τῶν

199 1597 477 1683 ἑτέρων
513 1593 1023 1683 διαφορώτατον
1059 1596 1173 1662 καὶ
1209 1592 1619 1682 ἀπαγγέλλει
1652 1593 1840 1688 αὐτῷ
1868 1595 2163 1681 λέγουσα

198 1696 304 1776 ὥς
358 1692 437 1762 ’ὁ
476 1697 600 1762 τοῦ
651 1696 978 1783 βασιλέως
1007 1693 1169 1775 υίὸς
1206 1698 1632 1784 φθέγγεσθαι
1667 1695 2012 1785 ἀπήρξατο
2046 1700 2162 1765 καὶ

199 1803 712 1885 προσκαλεῖταί
742 1817 817 1865 σε
852 1803 950 1877 εἰς
987 1795 1204 1866 αὐτὸν
1249 1797 1782 1888 παραγίνεσθαι.’
1841 1795 1877 1866 ὁ
1917 1798 1990 1867 δὲ
2028 1797 2161 1867 αύ-
2188 1828 2238 1869 15
2288 1808 2289 1811 ’

198 1909 373 1970 τίκα
423 1903 771 1986 δρομαίως
819 1899 988 1986 πρὸς
1033 1897 1249 1968 αὐτὸν
1285 1907 1728 1989 παραγίνεται
1761 1902 1877 1968 καὶ
1912 1902 2161 1968 τοῦτον

201 2001 619 2090 χαριέστατα
656 2000 1228 2089 περιπτυξάμενος
1274 1999 1645 2087 ἠσπάσατο.
1715 1998 1860 2070 εἶτα
1907 2001 1947 2070 ὁ
2000 2016 2162 2081 παῖς

205 2101 876 2192 προσφθεγξάμενος
911 2106 1006 2194 τῷ
1046 2102 1436 2195 φιλοσόφῳ,
1474 2101 1937 2172 ἀνακαλύπτει
1971 2101 2159 2194 αὐτῷ

205 2203 380 2273 ὅτου
419 2203 619 2292 χάριν
656 2201 819 2292 παρ’
859 2200 1021 2284 ὅλας
1054 2205 1176 2283 τὰς
1216 2203 1669 2294 ἕπταῆμέρας
1707 2208 1981 2274 σιωπῶν
2018 2209 2161 2273 διε-

206 2307 425 2374 τέλει·
483 2302 657 2373 ἀλλὰ
707 2304 842 2393 μὴν
885 2305 1001 2374 καὶ
1038 2303 1164 2374 ὅσα
1202 2306 1371 2394 πρὸς
1407 2304 1620 2375 αὐτὸν
1655 2305 1696 2393 ἡ
1736 2304 1997 2395 πονηροὶ
2035 2308 2157 2375 τοῦ
2186 2335 2239 2375 20

210 2408 549 2495 βασιλέως
586 2406 895 2492 παλλακὴ
932 2405 1254 2496 ἀφρόνως
1291 2408 1647 2495 λελάληκε,
1704 2410 1874 2495 δῆλα
1910 2412 2004 2499 τῷ
2044 2435 2154 2495 φι-

212 2509 504 2599 λοσόφῳ
556 2515 894 2595 πεποίηκε.
964 2510 1078 2577 καὶ
1140 2511 1513 2598 προσέθετο
1562 2509 1782 2596 λέγων
1829 2508 2160 2595 ’μεγάλας

214 2610 339 2690 τὰς
374 2608 812 2697 εὐχαριστίας
846 2609 1079 2697 ὑπέχω
1113 2612 1210 2702 τῷ
1247 2613 1390 2702 θεῷ
1426 2636 1497 2678 τε
1531 2610 1645 2677 καὶ
1679 2608 1888 2698 ύμῖν,
1942 2607 2045 2677 ὅτι
2078 2637 2160 2697 με

217 2718 448 2798 βιαίου
496 2712 613 2780 καὶ
665 2709 913 2781 ἀδίκου
961 2712 1273 2782 θανάτου
1319 2711 1441 2780 τὸν
1488 2706 1794 2780 ἀναίτιον
1859 2707 2161 2801 ἐλυτρώ-

220 2822 471 2898 σασθε,
533 2814 649 2881 καὶ
699 2811 823 2880 τὸν
869 2815 1125 2903 πατέρα
1177 2840 1310 2902 μου
1360 2816 1475 2881 καὶ
1527 2814 1806 2900 βασιλέα
1854 2818 1995 2881 τῶν
2042 2817 2158 2900 τῆς
2185 2841 2237 2881 25

222 2916 570 3003 μοχθηρᾶς
618 2916 997 3003 σκαιωριῶν
1048 2913 1423 3003 [γυναικὸς]
1489 2915 1916 3005 ἐξηρπάσατε.
1986 2914 2160 2983 ἀλλά

121 3083 129 3090 ,
226 3041 356 3101 μοι,
419 3015 622 3105 κύριέ
675 3042 849 3103 μου,
913 3017 1285 3105 πορεύθητι
1331 3012 1502 3106 πρός
1548 3018 1671 3085 τὸν
1716 3018 1992 3106 βασιλέα
2043 3018 2159 3085 καὶ

355 3281 388 3329 4
424 3278 675 3344 στείλας]
714 3283 821 3332 noli
853 3281 1050 3332 addere
1083 3272 1200 3331 ἀπο
1330 3284 1394 3332 12
1420 3276 1524 3332 τὸν
1548 3274 1762 3346 ἑτέροις
1788 3284 1930 3335 cod..·
1967 3274 2158 3346 ἄνδρα

228 3342 334 3395 τῶν
371 3335 557 3399 ἄλλων
593 3345 639 3396 Ρ
781 3351 844 3399 15
879 3344 1320 3415 παραγενέσθαι
1345 3349 1390 3399 Ρ
1530 3352 1596 3400 22
1630 3345 1962 3416 προσέθηκε
1986 3349 2030 3399 Ρ

230 3413 292 3463 25
324 3409 424 3464 τὸν
459 3429 522 3464 π.
559 3429 674 3480 μου
709 3412 811 3466 καὶ
848 3414 899 3481 β.
925 3433 1017 3468 om.
1045 3417 1088 3466 P
1221 3418 1288 3469 26
1324 3412 1600 3483 γυναικὸς
1638 3421 1821 3481 deletui,
1861 3431 2157 3482 quamquam

231 3478 474 3542 dubitans,
509 3498 617 3533 eum
643 3481 924 3548 Byzantina·
956 3487 1007 3534 in
1043 3485 1311 3535 uerborum
1345 3487 1529 3536 ordine
1556 3488 1834 3549 artificiose
1862 3486 2157 3535 inmutanda

232 3549 373 3598 ualde
407 3550 504 3599 sibi
535 3552 829 3614 placuerint
964 3553 1030 3602 27
1066 3548 1184 3618 μοι]
1227 3547 1338 3604 νῦν
1371 3548 1418 3602 Ρ

32 3612 35 3673 k

30 3685 458 4048 Lu
