2563 4087
460 256 579 319 146

457 425 656 485 νομαι
703 398 943 486 χώρας.
1019 402 1092 467 ἐκ
1128 396 1261 487 γάρ
1306 402 1424 485 τῆς
1461 400 1909 486 ἐνεγκαμένης
1947 401 2225 487 ἐξῆλθον
2257 402 2367 467 τοῦ

459 508 711 588 σοφίαν
772 509 1021 587 μαθεῖν
1087 500 1200 567 καὶ
1268 501 1350 567 τὰ
1401 502 1539 566 τῶν
1612 503 1932 588 πονηρῶν
1985 504 2372 588 κατανοῆσαι

459 604 804 688 γυναικῶν
831 597 1306 689 μηχανήματα.’
1357 605 1573 670 ταῦτα
1602 600 1818 669 αὐτοῦ
1849 602 2220 690 εἰρηκότος,
2250 628 2367 688 φη-

460 706 575 772 σὶν
611 702 647 770 ὁ
690 702 1007 806 ἑστιάτωρ
1045 702 1215 792 πρὸς
1250 702 1377 790 τὴν
1416 704 1667 771 ἑαυτοῦ
1702 703 2029 788 σύζυγον·
2094 701 2166 770 ’ὁ
2218 701 2370 789 ἀνὴρ

409 832 434 869 5
462 794 661 884 οὗτος
710 805 899 884 ξένος
946 807 1148 873 τοῦδε
1195 806 1319 872 τοῦ
1369 812 1625 892 χωρίου
1675 804 1965 891 πεφύκει
2008 806 2122 873 καὶ
2182 802 2371 872 οὐδὲν

313 946 357 981 p
387 935 434 972 72
462 903 634 985 όλως
689 912 957 993 ἔφαγεν.
1043 900 1337 986 ἐξελθων
1387 904 1464 974 δὲ
1509 909 1628 992 τῆς
1677 910 1858 985 ἰδίας
1907 910 2228 1031 πατρίδος
2273 905 2371 972 καὶ

462 1006 582 1088 τὰς
617 1007 840 1094 χώρας
877 1007 1182 1095 περατόν,
1232 1033 1354 1086 τας
1388 1010 1527 1077 τῶν
1562 1009 1909 1092 γυναικῶν
1942 1006 2244 1091 ἁπάσας,
2295 1002 2372 1084 ὥς

465 1116 702 1196 φησίν,
733 1109 1176 1197 ἐκμεμαθήκει
1195 1117 1729 1197 μηχανουργίας,
1758 1110 1869 1177 καὶ
1888 1108 2141 1188 ταύτας
2159 1109 2371 1197 γραφῇ

465 1213 967 1299 παραδέδωκεν.
1017 1207 1171 1278 ἀλλ’
1211 1208 1585 1297 ἀναστᾶσα,
1615 1209 1842 1296 γύναι,
1872 1210 2376 1298 παρασκεύασον

388 1343 437 1378 10
465 1310 652 1402 αὐτῷ
702 1312 783 1380 τὰ
838 1313 1015 1399 πρὸς
1057 1315 1311 1399 βρῶσιν
1360 1312 1476 1380 καὶ
1527 1310 1725 1380 πόσιν
1773 1308 2145 1399 ἁρμόζοντα
2180 1309 2375 1399 αὐτῷ,

465 1413 556 1493 ὥς
594 1409 678 1481 ἂν
707 1411 866 1501 παρ’
906 1411 1101 1500 ἡμῶν
1128 1412 1423 1492 δεόντως
1462 1411 2036 1500 φιλοφρονηθείη.’
2093 1411 2130 1480 ὁ
2170 1414 2379 1500 μέντοι

464 1515 639 1602 ἀνὴρ
680 1514 959 1595 ἐξειπών
996 1515 1249 1595 ἔξεισιν.
1318 1512 1359 1600 ἡ
1394 1515 1477 1583 δέ
1506 1541 1582 1600 γε
1628 1515 1806 1600 γυνὴ
1858 1513 1980 1582 τὸν
2034 1512 2378 1600 ὁδοιπόρον

466 1614 845 1703 (ἐρωτῶσα)
910 1614 1005 1684 ’τί
1062 1613 1456 1702 πεποίηκας’
1538 1622 1751 1703 φησίν
1819 1612 2202 1703 ’ἅνθρωπες
2274 1613 2378 1700 γε’-

466 1743 734 1803 γραφας
771 1722 998 1786 πᾶσαν
1037 1722 1178 1785 τῶν
1226 1717 1575 1802 γυναικῶν
1621 1716 1747 1803 τὴν
1797 1725 2134 1806 πονηρίαν
2153 1715 2184 1799 3’
2236 1711 2274 1783 ὃ
2315 1711 2380 1781 δὲ

392 1845 439 1884 15
463 1817 643 1887 ‘vocal'
696 1825 872 1906 φησί
907 1818 925 1844 ‘
946 1818 1164 1899 πάσας
1214 1814 1446 1887 αὐτῶν
1495 1816 1991 1906 ἀπεγραψάμην
2024 1817 2147 1897 τὰς
2181 1842 2377 1905 μηχα-

465 1928 795 2008 νουργίας
852 1921 966 1988 καὶ
1028 1915 1190 1999 τούς
1253 1916 1490 1987 αὐτῶν
1554 1918 1801 1999 δόλους
1862 1921 1978 1988 καὶ
2038 1925 2384 2042 σκαιωρίας

469 2021 913 2111 διελαβόμην,
973 2022 1186 2110 μηδέν
1246 2048 1313 2090 τι
1373 2020 1638 2090 τούτων
1688 2020 1764 2089 τὸ
1818 2020 2143 2109 παράπαν
2198 2019 2382 2097 ἐάσας

469 2123 894 2212 άσήμαντον.’
937 2126 1158 2211 ἐκείνη
1179 2121 1489 2191 δὲταῦτα
1513 2121 1662 2211 παρ’
1695 2120 1913 2192 αὐτοῦ
1938 2126 2383 2205 ἐνωτισθεῖσα,

473 2232 769 2309 ἑγνωκεν
808 2252 899 2304 ως
933 2222 1374 2313 ματαιόφρων
1422 2221 1458 2292 ὁ
1508 2222 1865 2312 ὁδοιπόρος
1909 2224 2023 2292 καὶ
2072 2222 2384 2299 ἀσύνετος

342 2351 354 2363 ·
396 2353 446 2390 20
474 2326 861 2412 καθέστηκε.
917 2326 1030 2393 καὶ
1070 2324 1240 2415 πρὸς
1276 2323 1493 2394 αὐτὸν
1541 2322 1688 2394 κατ’
1740 2331 2096 2414 εἰρωνείαν
2146 2324 2384 2412 ἐφθέγ-

473 2430 662 2508 ξατο·
706 2426 856 2495 ”καὶ
895 2429 1190 2517 ἐπείπερ,
1229 2425 1321 2507 ὥς
1355 2427 1660 2515 φάσκεις,
1695 2425 1777 2495 τὰ
1806 2442 2160 2513 γυναικεῖα
2185 2451 2384 2514 μηχα-

471 2529 735 2617 νήματα
763 2529 1136 2617 γέγραφας,
1164 2527 1516 2598 ἀδύνατόν
1546 2532 1682 2598 ἐστι
1706 2535 2005 2616 γυναικί,
2039 2538 2172 2598 εἴτε
2197 2525 2385 2615 κάμοὶ

473 2630 693 2718 αὐτῇ,
748 2629 1214 2716 τεχνάσασθαί
1255 2658 1319 2698 τι
1367 2628 1536 2717 πρὸς
1586 2629 1661 2698 σε
1705 2626 1748 2715 ἢ
1797 2629 1907 2697 διὰ
1957 2629 2168 2715 λόγου
2215 2624 2260 2714 ἢ
2292 2624 2389 2696 διά
2515 2627 2518 2698 1

322 2769 369 2805 1».
401 2759 449 2796 ve
476 2758 656 2811 τινος
704 2731 1038 2819 πράξεως;
1093 2733 1271 2817 πλὴν
1311 2728 1617 2799 ’ἄκουσον
1663 2734 1802 2798 τῶν
1852 2733 2032 2819 ἐμῶν
2068 2729 2386 2820 ῥημάτων.
2515 2717 2518 2742 ³

399 2860 448 2898 κε,
481 2832 634 2901 ι’δοὺ
681 2829 822 2919 [ὥς]
876 2831 1045 2922 ὁρᾷς
1091 2832 1213 2900 τὸν
1267 2830 1433 2920 ἐμὸν
1482 2829 1699 2920 ἄνδρα
1750 2829 1841 2912 ως
1887 2839 1986 2912 εἰς
2021 2833 2208 2920 βαθὺ
2249 2833 2387 2915 ἐλη-

612 3032 639 3077 1
677 3021 1055 3109 ἐνεγκαμένη]
1092 3029 1280 3104 patria
1407 3031 1439 3080 5
1474 3024 1727 3093 πεφύκει
1762 3030 1833 3090 of.
1877 3030 2001 3091 138,
2039 3030 2106 3080 23
2237 3028 2271 3076 6
2302 3019 2390 3075 καὶ

473 3089 664 3155 πάσας
701 3113 803 3155 τας
839 3089 1061 3163 χώραςῗ
1096 3123 1165 3132 -
1200 3082 1340 3154 ολας
1375 3096 1419 3145 Ρ
1557 3099 1589 3148 8
1626 3065 2033 3176 ἔκμεμάθηκεῖ
2165 3097 2223 3144 11
2260 3086 2392 3158 ἡμῖν

472 3166 515 3214 Ρ
537 3166 606 3226 ef.
627 3166 739 3228 147,
750 3167 817 3215 20
932 3161 1431 3243 φιλοφρονηθείη]
1458 3164 1669 3227 138,18.
1706 3181 1783 3223 ως
1806 3180 1918 3215 αν.
1932 3159 2167 3229 ,τραφῇ
2192 3161 2237 3212 Ρ
2336 3157 2391 3207 12

475 3202 739 3297 ἐξειπων
754 3229 881 3284 ταῦ
894 3234 1007 3282 voc?
1146 3223 1251 3282 τόν
1286 3200 1678 3296 ὁδοιπόρον..
1713 3227 1858 3308 φησὶ
1894 3233 1945 3281 in
1979 3232 2076 3281 hac
2109 3228 2392 3280 recensione,

471 3304 610 3384 ferri
630 3303 847 3376 nequit:
914 3302 1087 3364 itaque
1136 3306 1227 3348 aut
1267 3300 1555 3350 addendum
1597 3306 1713 3349 erat
1755 3290 1925 3364 πρὸς,
1970 3305 2060 3349 aut
2104 3298 2242 3363 quod
2278 3293 2390 3356 feci,

474 3362 736 3432 ἕρωτῶσα
784 3368 1191 3435 quemadmodum
1227 3366 1434 3417 exhibet
1468 3367 1539 3427 P,
1580 3372 1668 3415 aut
1700 3367 2047 3417 restituendus
2081 3366 2282 3415 dacium

476 3440 557 3487 13.
596 3438 662 3486 22
710 3430 1006 3501 γέγραφας
1051 3433 1095 3483 Ρ
1132 3449 1366 3515 quoque,
1421 3441 1476 3483 ut
1532 3449 1631 3484 non
1683 3436 1752 3484 sit
1802 3434 2045 3484 addenda
2085 3429 2394 3497 praepositio

476 3495 592 3553 από
753 3505 819 3552 22
857 3498 999 3567 εἴτε]
1040 3502 1148 3552 etsi
1184 3501 1276 3551 uel
1437 3502 1502 3551 25
1537 3503 1708 3551 codex
1740 3506 1887 3551 earet
1928 3501 2231 3551 narratione
2275 3509 2393 3564 quae

474 3574 525 3618 in
563 3571 614 3618 P
646 3573 833 3633 ἱερέων
866 3586 919 3634 p.
959 3571 1039 3632 72,
1079 3571 1145 3619 23
1181 3594 1247 3603 ——
1286 3570 1368 3631 75,
1406 3570 1470 3618 22
1609 3559 1683 3627 ὡς
1717 3569 1902 3619 seclusi
