2563 4087
554 242 692 291 Dies
728 242 949 306 primus,
1014 241 1281 306 sapientis
1319 244 1569 292 narratio
1607 243 1768 307 prior.
2054 243 2129 303 11

158 387 301 471 τὴν
340 387 461 469 τῆς
489 382 813 468 γυναικὸς
842 390 1256 470 κατηγορίαν
1287 383 1647 462 πιστεύσας
1676 382 1848 451 εἶναι
1876 382 2127 470 ἀληθῆ,

156 486 298 556 τὸν
336 484 503 555 υίὸν
550 482 1003 563 ἀνεξετάστως
1053 482 1436 554 ἀποθανεῖν
1488 487 1829 553 ἐκέλευσε·
1887 485 1990 553 διὸ
2042 485 2124 552 ού
2215 526 2230 536 -

160 596 283 658 δεῖ
315 615 397 674 γε
446 586 622 674 ἡμᾶς
659 590 990 673 σιωπῆσαι
1033 586 1109 655 τό
1157 591 1468 656 τοιοῦτον
1520 591 1745 675 δρᾶμα
1796 585 1961 655 οὐδὲ
2005 586 2128 654 τὸν

160 691 462 780 βασιλέα
502 690 693 757 ἐᾶσαι
741 686 990 777 σφάξαι
1036 688 1157 756 τὸν
1203 688 1366 758 υἱὸν
1416 688 1632 759 αὐτοῦ
1673 689 2126 769 ἀνεξετάστως

160 795 284 861 καὶ
326 791 586 887 ἁπλῶς.
644 791 754 858 διὰ
803 794 1007 859 τοῦτο
1055 788 1293 880 (γὰρ),
1346 791 1464 859 ε’ἀν
1502 792 1594 878 μὴ
1634 791 2127 878 σπουδάσωμεν
2180 822 2205 861 5

168 898 548 982 ἐμποδίσαι
582 890 823 981 αὐτόν,
860 890 1146 982 ὕστερον
1174 894 1657 981 μεταμεληθεὶς
1693 893 1867 980 ἡμᾶς
1904 892 2128 962 αἰτιά-

162 1018 399 1083 σεται,
437 997 553 1063 καὶ
591 995 908 1082 εἰκότως,
954 997 1067 1064 καὶ
1121 994 1211 1074 ὣς
1263 995 1555 1083 ἐχθρούς
1604 994 2129 1083 ἀποστραφήσε··

162 1126 322 1187 ται,
374 1095 479 1166 ὅτι
529 1095 656 1166 οὐκ
709 1096 1145 1185 ἐκωλύσαμεν
1200 1094 1415 1166 αὐτὸν
1465 1096 1599 1164 ἀπὸ
1648 1101 1769 1165 τοῦ
1816 1098 2129 1165 τοιούτου

168 1200 427 1288 φόνου.
513 1197 634 1285 ἄγε
697 1199 781 1287 δή
829 1225 978 1293 τινα
1026 1193 1269 1288 πρᾶξίν
1317 1197 1743 1287 ἁρμόζουσαν
1791 1197 1960 1286 πρὸς
2009 1199 2130 1265 τὸν

168 1303 462 1390 βασιλέα
501 1302 996 1390 ἐπινοήσωμεν,
1045 1307 1160 1371 ἵνα
1206 1299 1330 1369 τὸν
1378 1300 1539 1369 υἱὸν
1586 1298 1801 1367 αὐτοῦ
1842 1301 1961 1385 τῆς
1997 1302 2121 1366 τοῦ
2156 1333 2204 1370 10

166 1404 428 1472 ἀδίκου
479 1403 789 1472 θανάτου
840 1409 1207 1491 καταδίκης
1263 1399 1897 1491 ἐλευθερωσωμεν.“
1984 1399 2128 1469 εἶτα
2156 1444 2198 1481 p.
2216 1435 2264 1473 16
2282 1433 2333 1474 B.

171 1505 688 1594 ἐβουλεύσαντο
739 1501 836 1584 εἷς
876 1509 1154 1584 ἕκαστος
1203 1504 1457 1575 αὐτῶν
1490 1503 1599 1592 ἐφ’
1644 1504 1922 1591 εκάστης
1958 1502 2130 1591 ἡμέ*

170 1636 300 1697 ρας
338 1606 534 1696 μέχρι
569 1609 682 1675 καὶ
720 1613 858 1676 τῶν
900 1608 1062 1676 ἕπτά
1116 1610 1268 1694 περὶ
1318 1611 1442 1678 τοῦ
1493 1610 1658 1676 υίοῦ
1695 1613 2130 1708 προσομιλεῖν

167 1715 270 1800 τῷ
309 1717 594 1803 βασιλεῖ.
650 1710 764 1778 καὶ
803 1713 971 1797 δῆτα
1019 1705 1116 1788 εἷς
1163 1736 1302 1777 των
1354 1710 1558 1796 ἑπτά,
1614 1707 1649 1777 ὁ
1699 1711 1815 1776 καὶ
1865 1732 2130 1794 πρωτος

166 1817 315 1880 τῶν
353 1809 607 1900 άλλων,
645 1818 886 1900 φησίν
929 1811 1113 1899 ,,ε’γω
1142 1811 1437 1900 σήμερον
1472 1814 1567 1902 τῷ
1605 1818 1871 1899 βασιλεῖ
1904 1834 2128 1895 παρα-
2159 1840 2207 1879 15

170 1913 384 2000 στάς,
432 1916 554 2001 τοῦ
603 1913 914 1982 θανάτου
968 1914 1408 2003 ἐλευθερωσω
1454 1913 1580 1980 τὸν
1629 1912 1791 1982 υἱὸν
1841 1908 2102 1979 αὐτοῦ.ζ

169 2014 399 2095 εὐθυς
438 2007 566 2084 οὖν
615 2014 653 2084 o‘
692 2013 868 2105 ἀνὴρ
903 2013 1262 2114 ἀπέρχεται
1300 2014 1469 2104 πρὸς
1494 2016 1639 2083 τὸν
1687 2013 1966 2102 βασιλέα
2016 2013 2131 2079 καὶ

172 2121 412 2205 μέχρις
454 2117 754 2206 ἐδάφους
791 2118 1272 2207 προσκυνήσας
1303 2117 1520 2187 ειπεν
1562 2145 1664 2204 „m
1701 2118 2008 2239 βασιλεῦ’,
2047 2112 2129 2181 οὐ

173 2220 451 2289 δίκαιόν
491 2221 627 2288 ε’στι
661 2219 824 2299 τούς
861 2221 1177 2308 βασιλέας
1227 2220 1359 2310 πρὸ
1400 2219 1758 2300 ἐξετάσεως
1794 2221 1910 2305 τῆς
1962 2213 2130 2303 ἀλη-

169 2330 376 2401 θείας
415 2338 632 2392 ποιεῖν
665 2321 797 2390 τι.“
852 2321 1097 2409 ἤρξατο
1133 2322 1209 2391 δὲ
1246 2323 1362 2391 καὶ
1398 2321 1710 2390 τοιοῦτόν
1737 2347 1798 2388 τι
1835 2318 2125 2405 διήγημα
2154 2350 2206 2389 20

176 2425 353 2513 πρὸς
386 2422 510 2492 τὸν
557 2425 836 2513 βασιλέα
873 2426 1122 2510 λέγων·
1178 2416 1311 2513 »ἦν
1346 2451 1444 2503 τις
1479 2422 1837 2512 βασιλεύς,
1886 2418 1963 2499 ὃς
2018 2420 2128 2488 ἐπὶ

172 2530 512 2595 τοσοῦτον
572 2524 803 2612 ἠγάπα
866 2526 988 2606 τὰς
1043 2543 1414 2613 γυναῖκας,
1472 2524 1561 2604 ὣς
1616 2523 1845 2602 οὐδεὶς
1904 2526 2129 2610 ἕτερος

174 2630 319 2696 τῶν
367 2627 647 2697 πάντων
697 2627 1120 2719 ἀνθρώπων·
1185 2626 1638 2717 δαιμονιώδης
1700 2625 1832 2711 γάρ
1894 2626 1980 2710 ὴν
2034 2629 2130 2700 εἰς
2196 2675 2201 2682 .

177 2728 396 2809 αὐτάς
417 2784 436 2818 ‚
475 2726 644 2798 ὥστε
671 2730 761 2818 μὴ
798 2739 1091 2818 νομίζειν
1127 2728 1295 2797 άλλο
1324 2757 1385 2797 τι
1412 2731 1549 2796 τῶν
1591 2732 1665 2797 ἐν
1700 2727 1932 2818 κόσμω
1960 2721 2134 2809 ἠγα-

185 2831 667 2920 πημενιότερον
719 2828 760 2919 ἢ
807 2832 1245 2920 γλυκύτερον.
1316 2820 1516 2908 οὗτος
1562 2837 1803 2899 τοίνυν
1852 2827 1887 2897 ὁ
1935 2836 2132 2917 βασι-
2159 2856 2209 2897 25

314 3066 345 3114 3
382 3055 473 3143 τὸ]
502 3055 643 3130 πρὸς
667 3058 767 3114 vd?
804 3061 935 3142 περὶ
971 3056 1069 3115 756?
1210 3065 1241 3114 5
1269 3061 1543 3115 διατοῦτο
1567 3064 1616 3112 V
1640 3063 1844 3145 hyphen
1868 3068 1922 3111 ut
1945 3077 2129 3124 saepe.

174 3124 242 3183 τὸ
290 3133 526 3189 λοιπον,
574 3132 619 3180 D
798 3124 907 3197 γὰρ
953 3133 1123 3182 adieci
1308 3134 1335 3181 7
1387 3123 1604 3198 ἐχθρὸν
1643 3130 1753 3197 ij
1816 3122 2034 3209 ἐχθροῦ
2084 3127 2130 3175 Α

172 3192 431 3266 ἐχθροὺς
467 3198 806 3250 Boissonade
940 3203 1002 3249 14
1037 3200 1093 3251 K
1124 3203 1155 3250 l.
1195 3201 1408 3250 initialis
1443 3208 1496 3249 ut
1509 3202 1829 3317 ‘'saepi-ssime
1865 3200 1918 3247 in
1951 3196 1995 3245 V
2036 3212 2130 3247 om.

316 3302 380 3352 18
429 3304 683 3350 lemmata:
709 3296 957 3379 πρώτου
1018 3298 1089 3367 [Α
1137 3298 1240 3351 σοῦ
1296 3303 1329 3350 ἰ.
1376 3317 1421 3354 e.
1468 3284 1538 3349 02⁰
1547 3285 1596 3365 v]
1650 3292 1977 3364 φιλοσόφου
2025 3296 2131 3361 δη-

174 3367 430 3436 μηγορία
473 3360 617 3445 πρὸς
660 3361 764 3419 τὸν
802 3364 1041 3435 βασιλέα
1081 3369 1175 3417 VA
1223 3364 1416 3434 πρώτη
1465 3367 1789 3447 δημηγορία
1840 3365 1942 3416 τοῦ
1979 3362 2133 3430 πριό-

171 3455 274 3489 του
311 3427 648 3501 φιλοσόφου
686 3437 730 3485 Β
891 3439 958 3486 20
994 3452 1047 3486 τι
1085 3452 1180 3486 om.
1219 3436 1267 3485 V
1437 3438 1504 3485 22
1542 3452 1619 3494 ως
1657 3443 1707 3486 et
1745 3438 1839 3496 12,
1881 3437 1907 3483 1
1946 3447 2129 3498 παρα-

173 3501 361 3585 κύψαι
398 3506 676 3567 infinitiuus
710 3512 850 3555 reete
885 3519 941 3554 se
976 3504 1162 3554 habent
1300 3506 1368 3554 24
1401 3498 1708 3568 ἠγαπημεν
1713 3497 1911 3566 ότερον
1947 3501 1995 3549 V

174 3565 315 3625 αλλό
351 3589 412 3623 τι
452 3573 500 3621 V
537 3587 697 3636 saepe

12 3979 167 4056 Lj
186 4003 383 4056 ’,ἅμα
406 4053 431 4057 ,ι
454 4053 463 4056 -
