2563 4087
406 260 538 324 240
1229 258 1473 325 Aesopus
1514 259 1539 308 1

407 419 997 508 ἀναχωρήσαντος,
1034 415 1070 485 ὁ
1101 417 1374 496 Ξάνθος
1397 421 1495 508 τῷ
1527 415 1799 507 ἐμπόρῳ
1836 421 2038 504 φησί·
2083 415 2364 502 ,,πόσου

410 523 775 610 τιμήματος
837 519 873 588 ὁ
938 516 1292 605 ψάλτηςίίς
1355 520 1478 586 τοῦ
1545 519 1627 586 δέ
1686 526 1969 605 ,,χιλίων
2033 513 2359 604 ὀβολῶνςί

410 622 982 713 ἀποκριναμένου,
1018 620 1190 710 πρὸς
1225 618 1349 687 τὸν
1388 622 1618 709 ἕτερον
1644 612 1879 707 ἦλθεν,
1914 618 2364 706 ὑπερβάλλον

412 724 710 803 ἀκούσας
747 723 823 790 τὸ
858 729 1128 810 τίμημα.
1184 723 1299 789 καὶ
1336 722 1564 808 μέντοι
1589 724 1704 791 καὶ
1741 725 1990 790 τοῦτον
2007 723 2364 809 ’ἐρομένου

358 829 532 895 ετοῦ
584 824 992 912 φιλοσόφου,
1047 823 1263 892 πόθεν
1311 818 1398 890 ἄν
1452 832 1581 911 εἴη,
1631 824 1745 892 καὶ
1796 821 2225 902 ἀκούσαντος
2263 820 2363 890 ὅτι

411 925 831 1013 Λυδός,·καὶ
889 924 1390 1014 ἐπανερομένου
1443 932 1566 1011 ,,τί
1614 917 1745 992 οὖν
1799 921 1988 1004 οἶδας
2041 938 2275 993 ποιεῖν
2293 922 2355 1006 ;“

410 1026 730 1097 κάκείνου
769 1029 1080 1116 φαμένου
1123 1024 1469 1115 ,,πάνταίί,
1517 1025 1721 1094 πάλιν
1759 1027 2076 1112 ἐγέλασεν
2114 1035 2356 1097 Αἴσω-

410 1155 551 1209 πος.
623 1133 763 1198 τῶν
802 1131 1257 1217 σχολαστικῶν
1302 1129 1383 1195 δέ
1410 1128 1593 1208 τινὸς
1643 1129 2196 1215 διαπορουμένου
2249 1135 2363 1214 ,,τί

410 1232 495 1320 δή
522 1257 682 1301 ποτε
719 1221 918 1310 οὗτος
948 1229 1117 1320 πρὸς
1147 1229 1366 1297 πάντα
1395 1228 1647 1319 γελᾷ“.;
1681 1232 1903 1318 ἕτερος
1931 1227 2102 1318 πρὸς
2135 1227 2356 1297 αὐτὸν

334 1362 384 1401 10
411 1332 628 1402 εἶπεν·
673 1340 784 1421 ,,εἰ
814 1332 1046 1421 βούλει
1080 1333 1193 1399 καὶ
1233 1329 1318 1399 σύ
1356 1331 1726 1410 θαλάσσιος
1760 1331 2005 1420 τράγος
2033 1327 2356 1418 ἀκοῦσαι,

413 1434 823 1524 ἐρώτησονίί.
898 1431 933 1501 ὁ
982 1433 1058 1502 δὲ
1094 1433 1366 1512 ,Ξάνθος
1412 1434 1527 1500 καὶ
1576 1423 1778 1512 αὖθις
1827 1430 2019 1520 ἤρετο
2067 1431 2199 1500 τὸν
2241 1439 2356 1520 ἒμ-

409 1553 652 1625 πορον·
693 1535 961 1625 ,,πόσου
995 1535 1359 1622 τιμήματος
1388 1533 1424 1600 ὁ
1455 1534 1909 1622 γραμματικός
1927 1533 1995 1616 ;“
2024 1531 2355 1602 κάκείνου

414 1644 848 1724 ,,τρισχιλίων
901 1634 1211 1724 ὀβολῶνίζ
1264 1634 1837 1724 ἀποκριναμένου,
1888 1634 2265 1723 δυσφόρως
2318 1634 2351 1702 ὁ

410 1738 783 1826 φιλόσοφος
818 1736 1055 1825 ἤνεγκε
1089 1738 1213 1826 τὴν
1248 1735 1637 1827 ὑπερβολὴν
1671 1742 1794 1805 τοῦ
1831 1737 2203 1825 τιμήματος
2241 1738 2351 1805 καὶ

332 1867 383 1908 15
411 1841 732 1928 στραφεὶς
779 1838 996 1929 ἀπῄει,
1070 1842 1207 1907 τῶν
1257 1838 1335 1907 δὲ
1385 1838 1842 1926 σχολαστικῶν
1884 1840 2257 1927 ἐρομένων,
2296 1845 2355 1906 εἰ

408 1942 498 2030 μὴ
545 1939 781 2030 ἤρεσεν
830 1941 1014 2034 αὐτῷ
1063 1943 1144 2010 τὰ
1194 1941 1521 2028 σωμάτια,
1572 1941 1812 2028 ,,ναι’“,
1862 1947 2073 2028 φησίν
2123 1939 2348 2028 ,,ἀλλά

409 2046 628 2132 δόγμα
664 2060 900 2133 κεῖται,
935 2043 1024 2132 μὴ
1053 2042 1493 2133 ἀνδράποδον
1523 2040 1847 2112 ὠνεῖσθαι
1878 2045 2022 2111 τῶν
2055 2051 2343 2113 πολυτί-

407 2143 624 2232 μων“.
724 2146 875 2225 ἐνὸς
941 2145 1018 2214 δὲ
1081 2145 1346 2214 τούτων
1400 2147 1711 2232 φαμένου
1769 2144 1957 2233 ,,ἀλλ’
2016 2151 2080 2213 εἰ
2139 2142 2344 2213 τοῦθ’

409 2244 625 2325 οὕτως
666 2253 818 2334 ἔχει,
865 2246 987 2314 τὸν
1022 2253 1199 2333 γοῦν
1237 2247 1526 2336 αἰσχρὸν
1572 2249 1822 2315 τοῦτον
1872 2245 2100 2325 οὐδεὶς
2135 2247 2346 2334 νόμος

329 2374 381 2414 20
412 2347 728 2436 ἐμποδών
764 2353 1027 2417 ἵσταται
1059 2351 1150 2442 μὴ
1190 2346 1610 2436 ὠνήσασθαι·
1645 2349 1770 2436 τὴν
1807 2346 2022 2436 αὐτὴν
2058 2345 2198 2436 γάρ
2235 2350 2345 2440 καὶ

546 2515 571 2561 1
617 2497 803 2563 πόσου
836 2529 974 2565 corr.
1013 2529 1083 2562 ex
1127 2509 1309 2563 πόσον
1345 2514 1388 2563 Ρ
1560 2516 1591 2563 3
1627 2504 2093 2578 ἀποκρινομένου
2128 2512 2180 2561 A

405 2582 439 2629 4
473 2571 752 2659 ἀπούρας]
793 2571 1153 2659 ἀκηδιάσςεςὶ>
1188 2581 1258 2643 ef.
1296 2580 1366 2627 W
1478 2571 1696 2631 τούτων
1732 2581 1775 2630 Ρ
1889 2573 2185 2699 ἐρωὲιένου
2222 2580 2269 2628 Ε
2293 2578 2343 2627 Η

539 2650 572 2698 5
608 2645 986 2713 ακούσαντος]
1029 2646 1281 2706 ακούσας
1319 2648 1366 2698 Φ
1522 2649 1553 2696 6
1592 2641 1754 2707 λιδός
1788 2648 1829 2696 Ζ
2017 2641 2343 2712 πανερωμέ-

405 2730 511 2766 νου
545 2715 599 2764 Η
773 2710 938 2774 εἴδας
973 2715 1019 2763 Ε
1045 2716 1080 2765 b
1253 2719 1283 2765 7
1322 2707 1557 2781 ἐγέλασε
1592 2713 1656 2780 Α,
1697 2732 1729 2766 ν
1764 2718 1887 2766 add.
1923 2713 1972 2764 A
1995 2718 2051 2777 23
2089 2714 2342 2772 αἴσωπος

404 2774 637 2847 ἐγέλασε
677 2783 726 2832 R
829 2784 861 2833 8
900 2777 1362 2850 διαπορουμένον
1406 2781 1461 2848 (l.
1487 2799 1521 2833 ν
1550 2786 1754 2845 finalem
1786 2783 2043 2835 substituit
2074 2799 2135 2833 m.
2162 2799 2248 2848 pr.
2293 2784 2341 2831 in

404 2852 562 2901 locum
589 2852 733 2929 erqsi
764 2849 864 2929 ων)
904 2851 968 2913 Q,
1008 2844 1413 2918 ἀπορουμένου
1448 2852 1494 2900 Ε
1521 2851 1574 2900 Η
1599 2852 1650 2901 Κ
1674 2851 1715 2900 Ζ
1738 2868 1789 2910 v,
1828 2843 2259 2912 ἐπανερομένου
2295 2849 2340 2899 Φ

506 2920 538 2966 9
582 2932 724 2980 προς
758 2933 951 2970 παντα
993 2921 1185 2984 scripsi
1227 2926 1277 2969 et
1320 2921 1396 2969 cic
1440 2918 1515 2981 Q:
1553 2910 1695 2986 πρὸς
1729 2914 1954 2978 πάντας
1989 2918 2038 2968 V
2061 2918 2120 2968 M
2142 2917 2195 2966 D
2222 2918 2270 2968 Φ
2294 2918 2335 2965 Ε

403 2984 459 3034 Η
482 2984 534 3033 Κ
557 2984 597 3032 Ζ
621 3000 657 3033 v
692 2982 916 3045 πάντας
980 3003 1072 3037 om.
1109 2984 1518 3052 praepositione)
1554 2987 1604 3036 R
1766 2990 1830 3037 10
1864 2979 2182 3045 θαλάττιος
2217 2986 2265 3048 Q
2288 2983 2335 3032 D

402 3052 450 3101 Ε
475 3052 530 3101 Η
552 3052 605 3102 Κ
627 3052 668 3101 Ζ
692 3068 727 3101 v
843 3056 903 3104 11
972 3051 1216 3121 μπορον]
1258 3053 1517 3106 αἴσωπον
1553 3055 1603 3104 V
1720 3058 1784 3105 12
1819 3047 1850 3105 ὁ
1887 3062 2007 3105 ante
2041 3070 2126 3120 γρ.
2165 3070 2259 3105 om.
2295 3053 2334 3101 P

539 3114 890 3185 γραματικός
924 3122 973 3172 Α
1098 3119 1200 3173 καὶ
1237 3114 1465 3173 ἐκείνου
1501 3122 1542 3171 Ζ
1665 3126 1728 3174 13
1765 3115 1851 3189 όβ.
1888 3138 2027 3173 corr.
2064 3138 2137 3171 ex
2172 3114 2256 3172 όκ.
2291 3120 2334 3169 Ρ

538 3179 1006 3256 ἀποκριναμένον
1042 3188 1085 3238 Ρ
1190 3181 1507 3255 ’δυσφόρος
1543 3191 1586 3240 Ρ
1626 3188 1914 3256 δισφόρως
1949 3189 1990 3238 Ζ
2026 3181 2332 3253 ἐδυσφόρει

401 3247 433 3307 ὁ
473 3266 556 3322 φ.·
596 3254 695 3307 καὶ
731 3249 841 3322 τὴν
873 3250 926 3309 ὖ.
966 3246 1070 3312 οὐκ
1107 3247 1316 3324 ἤνεγκε
1352 3254 1458 3309 τοῦ
1492 3274 1605 3323 τιμ.
1645 3258 1691 3320 Q
1831 3260 1895 3308 15
1931 3251 2108 3323 ἀπείη
2145 3256 2193 3306 Ε

403 3317 702 3392 ἐρωμένων
736 3324 791 3376 Η
827 3317 1114 3392 ἐρωμένον
1149 3325 1192 3374 Ρ
1307 3327 1372 3376 16
1407 3317 1575 3391 ἤρεσε
1609 3325 1658 3375 Α
1695 3344 1729 3378 ν
1764 3327 1884 3376 add.
1920 3325 1969 3376 A
1991 3327 2023 3375 2
2139 3327 2201 3376 17
2238 3313 2332 3373 ἀν-

402 3387 700 3459 δράποδον
725 3408 863 3443 corr.
888 3409 959 3443 ex
984 3383 1371 3458 ἀνδραπόδων
1408 3392 1457 3443 R
1493 3410 1657 3459 m.p1·.
1760 3393 1875 3445 τῶν
1909 3395 1962 3443 in
1996 3392 2048 3442 D
2085 3393 2206 3443 add.
2241 3390 2330 3469 132,

443 3514 472 3537 θ
544 3458 792 3512 πολιτῶν
826 3462 879 3511 in
914 3462 963 3512 R
1000 3466 1119 3510 ante
1153 3459 1471 3525 πολιτίμων
1505 3464 1673 3512 statim
1711 3464 1923 3513 deletum
2111 3463 2173 3511 18
2211 3454 2309 3511 εἶθ’

402 3541 581 3585 ουτως
618 3527 682 3588 Φ,
719 3526 770 3577 D
816 3526 947 3592 (ταῦ
983 3530 1104 3581 add.
1141 3526 1192 3577 D
1217 3525 1290 3595 2),
1338 3524 1395 3580 εἰ
1426 3521 1610 3580 ταῦθ’
1648 3519 1827 3589 οὕτως
1865 3528 1917 3578 D
1939 3530 1988 3591 2,
2026 3529 2076 3579 Κ
2101 3528 2140 3578 Ζ
2163 3543 2199 3577 v

405 3592 469 3641 19
506 3587 643 3659 ἔχει,
683 3611 836 3646 erasa
872 3599 905 3651 l.
941 3612 975 3646 ν
1002 3596 1047 3658 Q
1186 3598 1254 3647 20
1289 3592 1389 3647 καὶ
1427 3584 1618 3664 οὗτος]
1658 3596 1756 3649 καὶ
1796 3615 1888 3650 om.
1927 3596 1978 3648 V
