2563 4087
837 281 866 318 e
897 263 1088 317 codice
1115 262 1420 317 Dresdensi
1448 262 1496 315 D
1527 270 1610 317 33.
2066 256 2194 322 219

243 399 367 453 101,
409 399 440 447 9
479 391 580 446 καὶ
617 386 839 458 ἅφησες
875 385 1027 443 ἄλλα
1053 392 1184 458 εἴδη
1223 384 1340 445 ἀπὸ
1387 388 1459 443 τοὶ
1487 384 1667 445 ὁποῖα
1690 383 1910 459 ἤθελες
1936 389 2189 461 κερὸήση

231 472 683 544 περισσότερον·
715 477 725 541 Ι
759 480 873 540 101,
912 479 976 526 12
1014 473 1097 536 εἰς
1131 468 1418 542 καύσιμον
1461 470 1534 528 τοὶ
1572 472 1744 543 ἔχουν
1798 474 1879 537 εἰς
1934 473 2191 544 φοῦρνον

240 564 351 618 καὶ
373 563 459 624 εἰς
476 556 726 628 κάμινον
748 552 921 626 (καὶὸ
944 556 1073 626 ἔμπ.
1093 561 1193 625 om)
1224 559 1235 625 Ι
1269 564 1386 624 101,
1410 564 1473 612 17
1492 554 1715 622 ἐκείνος
1733 556 1882 614 ὀποῦ
1920 562 2023 615 σοῦ
2064 559 2189 616 εἷπε

238 642 439 702 πολλὰ
465 643 529 700 σὲ
552 640 820 713 ἐγέλασεν
840 643 940 697 καὶ
958 662 1015 712 μ.
1035 637 1133 698 oin.
1163 645 1174 710 Ι
1210 647 1324 708 101,
1365 648 1428 696 19
1449 638 1719 712 ἐλυπήθη
1741 644 1841 698 καὶ
1861 640 2191 715 ἐπικράνθη

247 726 439 785 πολλὰ
472 731 482 797 Ι
515 734 630 794 101,
666 733 732 784 23
765 722 1022 795 πούλησὲ
1060 745 1172 795 μου
1202 727 1212 795 Ι
1245 732 1360 791 101,
1396 732 1462 780 25
1498 723 1574 780 νοὶ
1613 730 1716 782 σοῦ
1756 726 1920 783 δώσω
1957 727 2060 783 ἕνα
2094 749 2191 785 πι-

241 810 391 870 νάκι
425 812 654 883 γεμοίτω
685 814 694 880 Ι
728 818 841 877 101,
879 817 946 866 25
983 807 1379 880 ἔσνλλογίζετο
1426 813 1436 879 Ι
1487 817 1602 877 102,
1641 817 1675 865 5
1726 810 1884 882 παρὰ
1938 811 2015 869 νά
2050 809 2191 869 ἄνα-

247 904 424 970 μείνη
463 892 778 958 ἀκώλυτος.
830 896 932 950 καὶ
972 893 1025 949 εἷ
1058 916 1114 951 τι
1149 914 1221 964 με
1259 889 1460 961 δώσει,
1499 891 1574 949 οἷο
1607 891 1791 965 πόρω.
1845 899 1948 953 καὶ
1984 902 2140 969 βουλ.
2181 906 2189 967 Ι
2222 936 2229 943 -

252 989 371 1048 102,
405 988 439 1037 9
478 981 600 1044 ἕως
649 979 751 1035 ἕνα
796 976 1001 1034 πινάκι
1044 974 1274 1048 γεμοίτω
1320 982 1331 1048 Ι
1382 986 1495 1046 102,
1535 987 1598 1034 10
1642 975 1866 1051 ὑπῆγεν
1912 987 1923 1046 Ι
1973 991 2086 1050 102,
2130 992 2191 1041 17

241 1072 378 1124 λ’σια
414 1086 486 1136 με
521 1062 590 1121 τὸ
627 1065 885 1134 χρυσοὶφι
921 1059 1252 1132 ζυγιαστὸν·
1308 1066 1415 1131 (om
1449 1066 1614 1132 πωλ.)
1666 1072 1674 1131 Ι
1726 1072 1839 1133 102,
1881 1072 1944 1120 18
1980 1073 2191 1135 καλῶς]

233 1154 353 1209 καὶ
384 1156 393 1219 Ι
428 1158 539 1214 102,
578 1156 641 1203 21
681 1147 788 1204 δὲν
825 1145 983 1204 εἶναι
1018 1151 1070 1207 δ.
1105 1141 1231 1203 ὅσοι
1270 1147 1427 1215 ξένοι
1471 1150 1573 1204 καὶ
1608 1144 1684 1204 ἂν
1719 1148 1939 1205 ἕλθουν
1974 1152 2047 1207 ’νᾶ
2084 1175 2189 1224 μη-

239 1237 361 1292 δὲν
396 1236 761 1306 γελασθοῦν,
799 1234 900 1288 καὶ
937 1230 1011 1289 νοὶ
1046 1227 1403 1301 κινδυνεύσῃ
1437 1235 1554 1288 καὶ
1593 1232 1629 1304 ἡ
1669 1231 1781 1305 ζωή
1804 1240 1973 1305 τουςΙ
2013 1244 2127 1308 103,
2160 1247 2190 1293 7

243 1313 296 1377 ὦ
332 1315 617 1390 ἄνθρωπε
647 1321 656 1388 Ι
707 1324 822 1384 103,
861 1325 928 1374 23
962 1319 1076 1387 γλ.]
1117 1311 1464 1387 διάστραβος
1498 1311 1681 1388 ἤγουν
1716 1315 2018 1392 α’λήθορος
2054 1326 2189 1391 (scr.

250 1404 626 1476 ἅλλήθωρος)
673 1407 683 1472 Ι
735 1410 850 1470 103,
889 1409 957 1457 24
991 1422 1119 1472 μον.
1162 1442 1209 1456 ..
1231 1401 1404 1473 dmm]
1455 1403 1695 1473 στραβὸς
1732 1399 1847 1460 ἀπὸ
1884 1404 1948 1462 τὸ
1990 1407 2092 1463 ἕνα
2127 1408 2188 1465 ὁ-

237 1491 392 1562 μοὶτι
442 1494 450 1557 Ι
502 1495 617 1555 104,
651 1494 685 1543 9
736 1483 1077 1558 παραδώσω.
1133 1488 1234 1541 καὶ
1281 1481 1466 1551 οὕτως
1500 1485 1537 1557 ἡ
1575 1486 1721 1559 γυνὴ
1761 1487 2074 1562 ἔγγίθητον
2111 1495 2187 1549 νά

243 1574 354 1631 τὸν
392 1570 547 1643 ὃώση
586 1569 683 1628 ἐπὶ
718 1568 827 1642 τὴν
865 1570 1093 1640 αὔριον·
1129 1572 1230 1625 καὶ
1265 1567 1299 1626 ὁ
1336 1578 1509 1639 μῖμος
1539 1574 1550 1641 Ι
1583 1579 1695 1639 104,
1723 1580 1784 1628 12
1810 1574 1913 1631 δέν
1949 1595 2011 1632 σε
2049 1574 2189 1633 ἐπα-

235 1656 527 1731 ράγγειλα
564 1656 638 1711 νεὶ
680 1655 1006 1725 φυλοίγεσαι
1045 1652 1231 1712 πολλὰ
1265 1653 1383 1710 ἀπὸ
1422 1655 1559 1718 τούς
1585 1654 1938 1729 ἀνθρώπους
1963 1666 2066 1717 τοῦ
2094 1664 2187 1718 τό·

243 1765 366 1800 που
400 1745 612 1798 τοῦτον
648 1734 739 1797 ὅτι
794 1738 949 1795 εἶναι
1000 1735 1187 1795 πολλοὶ
1240 1741 1411 1794 κακοὶ
1457 1743 1557 1795 καὶ
1591 1746 1837 1811 πονηροὶ
1873 1750 2188 1814 φαίνονται

245 1831 337 1892 εἰς
371 1824 507 1890 τούς
545 1826 774 1894 ξένους,
815 1820 913 1880 ἐσύ
948 1825 1242 1887 παντελῶς
1277 1825 1396 1894 μὴν
1432 1828 1628 1894 φανῆς
1675 1827 1758 1889 εἰς
1794 1825 2034 1901 αὐτοὺς,
2085 1836 2185 1888 καὶ

237 1913 456 1982 ’ἐπειὸῆ
496 1910 602 1966 ὃὲν
636 1906 880 1980 ἤκουσες
917 1904 1026 1977 τὴν
1059 1903 1394 1978 συμβουλήν
1427 1928 1563 1978 μου,
1602 1901 1774 1978 ηὗρες
1808 1915 1910 1968 καὶ
1947 1935 1992 1968 τ,
2029 1936 2087 1970 π.
2114 1915 2186 1972 τοὶ

231 1997 517 2056 ἐναντία·
571 1994 675 2050 καὶ
727 1996 878 2063 τῶρα
930 1988 1023 2048 ἅκ.
1058 2012 1114 2061 μ.
1163 1994 1365 2056 καθῶς
1419 2010 1481 2050 σε
1533 1991 1918 2063 συμβουλεύω.
1981 1994 2184 2070 ἐπειδῆ

247 2085 466 2154 ἕφαλες
503 2079 569 2136 vd
605 2081 831 2147 πρῶτον
869 2072 1133 2147 ἐγνώριζε
1168 2079 1365 2144 τοῦτο,
1414 2080 1425 2145 Ι
1477 2083 1591 2146 104,
1630 2086 1696 2133 20
1738 2084 1879 2134 καθ’.
1916 2085 2019 2138 καὶ
2055 2104 2131 2138 om
2173 2091 2180 2152 Ι

229 2176 363 2234 104,
398 2173 465 2220 22
499 2162 842 2234 ὖπηγένουν
888 2163 972 2226 εἰς
1018 2159 1241 2217 ἐκεῖνον
1289 2165 1298 2226 Ι
1348 2169 1461 2228 105,
1504 2168 1530 2215 1
1585 2158 1737 2232 ἄφες
1785 2168 1846 2219 εἴ
1882 2188 1936 2221 τι
1972 2169 2071 2223 καὶ
2111 2161 2184 2226 ἂν

229 2253 380 2323 ἔχῃς
415 2252 518 2306 καὶ
553 2245 807 2304 ἄκουσον
845 2244 1035 2316 αὐτὴν
1070 2245 1178 2315 τὴν
1215 2242 1510 2316 ὠφέλιμον
1557 2265 1610 2303 σ.
1649 2253 1766 2313 (om.
1804 2254 1962 2320 μου).
2004 2251 2186 2309 συκοό-

223 2355 349 2392 nov
384 2337 514 2405 (scr.
559 2328 823 2402 σηκιόσου
877 2334 1070 2400 surge)
1117 2332 1216 2385 καὶ
1253 2328 1432 2398 ἄλαξε
1467 2327 1531 2387 τὸ
1571 2348 1620 2387 σ.
1661 2351 1789 2400 σου,
1829 2334 2041 2404 ὁμοίως
2078 2342 2178 2394 καὶ

233 2418 319 2476 τοὶ
355 2417 537 2490 ᾆοῦχα
574 2434 704 2472 σου·
758 2416 860 2471 καὶ
912 2411 1062 2484 κάμε
1099 2417 1200 2470 καὶ
1237 2412 1308 2471 σὺ
1345 2419 1465 2479 πῶς
1506 2409 1672 2472 εἴσοὶι
1709 2417 1846 2481 ἕνας
1884 2416 1999 2475 ἄπο
2045 2421 2184 2486 τούς

235 2522 332 2576 a:
369 2504 569 2559 ἔπειτα
606 2496 820 2571 φόρεσε
859 2499 1041 2570 §mna
1076 2494 1276 2570 ὅμοια·
1316 2502 1417 2555 καὶ
1454 2503 1620 2569 σμίξε
1654 2502 1852 2571 κρυφᾶ
1903 2507 1912 2571 Ι
1962 2512 2077 2573 105,
2119 2514 2181 2560 11

238 2591 349 2646 καὶ
384 2588 570 2658 μάθε
604 2589 762 2642 πᾶσα
798 2582 1034 2654 πράγμα
1055 2626 1068 2639 .
1091 2624 1137 2638 ..
1158 2586 1259 2639 καὶ
1296 2586 1576 2655 σημείωσέ
1622 2603 1716 2653 τα,
1763 2590 1772 2651 Ι
1823 2592 1936 2653 106,
1965 2595 2026 2643 11
2084 2593 2182 2645 καὶ

233 2673 465 2736 ἐκεῖνος
499 2673 603 2727 τοῦ
644 2667 771 2726 εἷπε
801 2673 810 2734 Ι
846 2675 958 2731 106,
1000 2675 1061 2722 12
1100 2669 1348 2738 ἔσφαλες
1386 2670 1466 2732 εἰς
1501 2666 1605 2724 τὸν
1641 2663 1850 2725 εἀὖτόν
1889 2689 1992 2727 σου
2023 2675 2031 2740 Ι
2065 2680 2181 2740 106,

235 2765 307 2814 17
347 2753 1175 2825 ξανθομαυροκοκκινοείδεῖς,
1216 2744 1332 2822 ἆρα
1366 2772 1432 2821 γε
1480 2759 1488 2818 Ι
1537 2759 1650 2820 107,
1689 2762 1720 2809 3
1767 2756 1868 2810 καὶ
1905 2755 2043 2812 εἶπα
2079 2779 2183 2815 του

234 2837 442 2904 ὅποιος
478 2842 673 2909 νικίση
728 2833 845 2894 ἀπὸ
898 2833 1033 2901 τοὺς
1080 2836 1191 2893 δύο
1235 2858 1375 2908 μας,
1412 2834 1490 2891 voi
1535 2833 1678 2908 κάμι
1721 2830 1829 2894 ὅσα
1873 2838 1975 2897 τὸν
2012 2839 2180 2913 ὁρίση

234 2919 650 2987 ἐκείνοςὸποῦ
684 2925 898 2993 νικίση.
940 2919 1145 2979 λοιπὸν
1192 2925 1201 2990 Ι
1252 2928 1368 2989 107,
1407 2928 1436 2976 7
1491 2916 1659 2993 ὅρισοὶ
1705 2941 1805 2978 τον
1839 2945 1915 2979 να
1952 2930 2036 2996 πῆ
2071 2922 2181 2982 ὅλα

230 3008 310 3067 τοὶ
351 3006 489 3078 νερά
526 3011 632 3077 τῆς
666 3002 977 3061 θαλάσσου
1023 3009 1034 3075 Ι
1085 3013 1197 3074 107,
1236 3013 1317 3062 11.
1359 3013 1420 3061 15
1477 3003 1627 3063 ὀποῦ
1674 3007 2038 3078 τρέχουνείς
2074 3010 2179 3079 τὴν

0 3093 4 3146 ἰ
221 3090 546 3151 θάλασσαν
577 3095 587 3161 Ι
620 3098 735 3158 107,
758 3099 820 3145 14
855 3090 1005 3161 ἔχεις
1038 3088 1212 3160 τόσην
1247 3093 1505 3159 δύναμιν
1535 3097 1548 3162 Ι
1580 3099 1693 3158 107,
1726 3100 1788 3148 19
1813 3095 1912 3148 καὶ
1948 3093 1979 3149 ὁ
2002 3112 2176 3164 στρα-

0 3149 6 3254 Ι
224 3177 339 3250 βὰς
369 3180 378 3247 ι
413 3183 528 3242 10⁷,
566 3183 633 3231 21
669 3176 850 3246 μάηα
887 3171 1169 3245 &mama
1199 3179 1209 3243 ι
1242 3182 1355 3238 108,
1379 3183 1412 3230 ‚1
1450 3172 1717 3247 ἤμεσθον
1752 3180 1985 3247 ewafiat
2017 3182 2026 3246 ι
2061 3185 2178 3244 108,

211 3273 257 3321 3
297 3257 373 3334 ἢ.
396 3306 409 3321 .
433 3262 583 3330 lato.
621 3281 700 3315 om
745 3264 755 3329 Ι
806 3265 920 3327 108,
957 3268 991 3315 6
1026 3256 1469 3329 ἐκατόρθωσεςΙ
1522 3267 1634 3327 108,
1670 3268 1702 3317 8
1749 3260 1812 3317 τὸ
1851 3260 1955 3317 ἕνα
1991 3257 2127 3328 min
2170 3268 2178 3328 Ι

225 3354 372 3413 108,
431 3354 464 3402 9
525 3344 789 3414 βάλωμεν
861 3344 947 3408 εἰς
1005 3341 1070 3400 τὸ
1130 3338 1257 3414 ζύγι
1309 3365 1385 3398 να
1446 3343 1717 3414 ἰδούμεν·
1791 3346 1893 3400 καὶ
1952 3339 2024 3398 ἂν
2086 3342 2180 3399 εὖ·

208 3433 453 3502 -ρεθοῦν
509 3432 631 3495 ema
690 3428 761 3484 τοὶ
825 3426 960 3491 δύο,
1022 3429 1115 3498 ἔχε
1175 3448 1274 3484 τα·
1338 3430 1440 3484 καὶ
1493 3429 1664 3486 θέλει
1725 3428 1941 3496 ευρεθῆ
2001 3429 2103 3481 καὶ
2140 3424 2175 3497 ἡ

222 3511 520 3584 ἀλήθεια·
580 3514 681 3568 καὶ
733 3507 809 3567 ἂν
866 3511 971 3569 ὃὲν
1024 3512 1241 3584 εὖρεθῆ
1308 3516 1464 3569 ῗσιον
1507 3511 1573 3569 τὸ
1621 3508 1819 3568 ἐδικόν
1856 3532 1968 3580 μου
2004 3530 2075 3581 με
2111 3509 2177 3566 τὸ

217 3596 438 3656 ἐδικόν
494 3617 625 3662 σου,
680 3591 719 3669 ἢ
755 3591 1141 3669 βαρύτερονῆ
1184 3595 1596 3669 ἐλαφρότερον,
1651 3600 1715 3651 τί
1754 3595 1956 3658 θέλεις
2008 3592 2179 3665 πάθη
