<?xml version="1.0" encoding="UTF-8"?>
<!DOCTYPE html PUBLIC "-//W3C//DTD XHTML 1.0 Transitional//EN"
    "http://www.w3.org/TR/xhtml1/DTD/xhtml1-transitional.dtd">
<html xmlns="http://www.w3.org/1999/xhtml" xml:lang="en" lang="en">
 <head>
  <title>
</title>
<meta http-equiv="Content-Type" content="text/html;charset=utf-8" />
  <meta name='ocr-system' content='tesseract 3.04.00' />
  <meta name='ocr-capabilities' content='ocr_page ocr_carea ocr_par ocr_line ocrx_word'/>
</head>
<body>
  <div class='ocr_page' id='page_1' title='image "./fabulaeromanens00aphtgoog_0301.png"; bbox 0 0 2563 4087; ppageno 0'>
   <div class='ocr_carea' id='block_1_1' title="bbox 1017 246 2147 340">
    <p class='ocr_par' dir='ltr' id='par_1_1' title="bbox 1017 246 2147 340">
     <span class='ocr_line' id='line_1_1' title="bbox 1017 246 2147 340; baseline 0.012 -16"><span class='ocrx_word' id='word_1_1' title='bbox 1017 274 1263 340; x_wconf 78' lang='lat' dir='ltr'>Aesopus</span> <span class='ocrx_word' id='word_1_2' title='bbox 1302 275 1330 325; x_wconf 95' lang='grc' dir='ltr'>Ῑ</span> <span class='ocrx_word' id='word_1_3' title='bbox 2019 246 2147 337; x_wconf 48' lang='grc' dir='ltr'><strong><em>28βῦ</em></strong></span> 
     </span>
    </p>
   </div>
   <div class='ocr_carea' id='block_1_2' title="bbox 199 429 2355 1839">
    <p class='ocr_par' dir='ltr' id='par_1_2' title="bbox 199 429 2148 725">
     <span class='ocr_line' id='line_1_2' title="bbox 204 429 2148 519; baseline -0.003 -15"><span class='ocrx_word' id='word_1_4' title='bbox 204 433 445 514; x_wconf 78' lang='grc' dir='ltr'><strong><em>αὐτοῖς</em></strong></span> <span class='ocrx_word' id='word_1_5' title='bbox 499 431 584 501; x_wconf 91' lang='grc' dir='ltr'><strong><em>τά</em></strong></span> <span class='ocrx_word' id='word_1_6' title='bbox 620 459 691 502; x_wconf 89' lang='grc' dir='ltr'><strong><em>τε</em></strong></span> <span class='ocrx_word' id='word_1_7' title='bbox 743 434 866 500; x_wconf 84' lang='grc' dir='ltr'><strong><em>τοῦ</em></strong></span> <span class='ocrx_word' id='word_1_8' title='bbox 906 432 1233 519; x_wconf 81' lang='grc' dir='ltr'><strong><em>βασιλέως</em></strong></span> <span class='ocrx_word' id='word_1_9' title='bbox 1287 429 1553 517; x_wconf 79' lang='grc' dir='ltr'><em>ἀνέγνω</em></span> <span class='ocrx_word' id='word_1_10' title='bbox 1588 430 1969 518; x_wconf 86' lang='grc' dir='ltr'><strong><em>γράμματα,</em></strong></span> <span class='ocrx_word' id='word_1_11' title='bbox 2031 433 2148 499; x_wconf 85' lang='grc' dir='ltr'><strong><em>καὶ</em></strong></span> 
     </span>
     <span class='ocr_line' id='line_1_3' title="bbox 199 530 2146 620; baseline -0.003 -15"><span class='ocrx_word' id='word_1_12' title='bbox 199 535 551 616; x_wconf 78' lang='grc' dir='ltr'><em>ἀπέδειξεν</em></span> <span class='ocrx_word' id='word_1_13' title='bbox 606 533 701 614; x_wconf 71' lang='grc' dir='ltr'><strong><em>ω“”ς</em></strong></span> <span class='ocrx_word' id='word_1_14' title='bbox 751 533 877 620; x_wconf 79' lang='grc' dir='ltr'><strong><em>τήν</em></strong></span> <span class='ocrx_word' id='word_1_15' title='bbox 930 540 1027 611; x_wconf 87' lang='grc' dir='ltr'><strong><em>εἰς</em></strong></span> <span class='ocrx_word' id='word_1_16' title='bbox 1087 530 1304 601; x_wconf 80' lang='grc' dir='ltr'><strong><em>αὐτὸν</em></strong></span> <span class='ocrx_word' id='word_1_17' title='bbox 1354 534 1726 620; x_wconf 73' lang='grc' dir='ltr'><strong><em>γενομένην</em></strong></span> <span class='ocrx_word' id='word_1_18' title='bbox 1779 531 1961 619; x_wconf 78' lang='grc' dir='ltr'><strong><em>παρὰ</em></strong></span> <span class='ocrx_word' id='word_1_19' title='bbox 2022 533 2146 600; x_wconf 85' lang='grc' dir='ltr'><strong><em>τοῦ</em></strong></span> 
     </span>
     <span class='ocr_line' id='line_1_4' title="bbox 202 631 1892 725; baseline -0.003 -19"><span class='ocrx_word' id='word_1_20' title='bbox 202 637 427 725; x_wconf 81' lang='grc' dir='ltr'><strong><em>δήμου</em></strong></span> <span class='ocrx_word' id='word_1_21' title='bbox 468 638 870 724; x_wconf 79' lang='grc' dir='ltr'><strong><em>ἐλευθερίαν</em></strong></span> <span class='ocrx_word' id='word_1_22' title='bbox 908 637 1267 724; x_wconf 76' lang='grc' dir='ltr'><strong><em>ἐλευθερίᾳ</em></strong></span> <span class='ocrx_word' id='word_1_23' title='bbox 1304 634 1508 702; x_wconf 90' lang='grc' dir='ltr'><strong><em>πάλιν</em></strong></span> <span class='ocrx_word' id='word_1_24' title='bbox 1542 631 1892 721; x_wconf 80' lang='grc' dir='ltr'><strong><em>ἠμείψατο.</em></strong></span> 
     </span>
    </p>

    <p class='ocr_par' dir='ltr' id='par_1_3' title="bbox 201 732 2355 1839">
     <span class='ocr_line' id='line_1_5' title="bbox 342 732 2355 854; baseline -0.002 -46"><span class='ocrx_word' id='word_1_25' title='bbox 342 737 543 808; x_wconf 75' lang='grc' dir='ltr'><strong><em>Μετὰ</em></strong></span> <span class='ocrx_word' id='word_1_26' title='bbox 594 736 672 806; x_wconf 73' lang='grc' dir='ltr'><strong><em>δὲ</em></strong></span> <span class='ocrx_word' id='word_1_27' title='bbox 717 740 920 805; x_wconf 83' lang='grc' dir='ltr'><strong><em>τοῦτο</em></strong></span> <span class='ocrx_word' id='word_1_28' title='bbox 970 739 1089 824; x_wconf 80' lang='grc' dir='ltr'><strong><em>τῆς</em></strong></span> <span class='ocrx_word' id='word_1_29' title='bbox 1138 735 1353 854; x_wconf 87' lang='grc' dir='ltr'><strong><em>νήσου</em></strong></span> <span class='ocrx_word' id='word_1_30' title='bbox 1391 733 1685 824; x_wconf 89' lang='grc' dir='ltr'><strong><em>ἀπάρας,</em></strong></span> <span class='ocrx_word' id='word_1_31' title='bbox 1733 734 1989 824; x_wconf 90' lang='grc' dir='ltr'><strong><em>περιήει</em></strong></span> <span class='ocrx_word' id='word_1_32' title='bbox 2022 732 2149 820; x_wconf 79' lang='grc' dir='ltr'><strong><em>τήν</em></strong></span> <span class='ocrx_word' id='word_1_33' title='bbox 2167 752 2355 806; x_wconf 83' lang='lat' dir='ltr'>XXIII</span> 
     </span>
     <span class='ocr_line' id='line_1_6' title="bbox 206 834 2202 927; baseline -0.003 -17"><span class='ocrx_word' id='word_1_34' title='bbox 206 841 646 927; x_wconf 82' lang='grc' dir='ltr'><strong><em>οἰκουμένην,</em></strong></span> <span class='ocrx_word' id='word_1_35' title='bbox 666 853 810 919; x_wconf 80' lang='grc' dir='ltr'><strong><em>τοῖς</em></strong></span> <span class='ocrx_word' id='word_1_36' title='bbox 828 837 1223 924; x_wconf 75' lang='grc' dir='ltr'><strong><em>ἁπανταχοῦ</em></strong></span> <span class='ocrx_word' id='word_1_37' title='bbox 1253 839 1392 904; x_wconf 77' lang='grc' dir='ltr'><strong><em>τῶν</em></strong></span> <span class='ocrx_word' id='word_1_38' title='bbox 1419 837 1819 924; x_wconf 87' lang='grc' dir='ltr'><strong><em>φιλοσόφων</em></strong></span> <span class='ocrx_word' id='word_1_39' title='bbox 1839 834 2202 922; x_wconf 75' lang='grc' dir='ltr'><strong><em>διαλεγό·5</em></strong></span> 
     </span>
     <span class='ocr_line' id='line_1_7' title="bbox 213 937 2152 1029; baseline -0.003 -19"><span class='ocrx_word' id='word_1_40' title='bbox 213 968 435 1029; x_wconf 89' lang='grc' dir='ltr'><strong><em>μενος.</em></strong></span> <span class='ocrx_word' id='word_1_41' title='bbox 509 940 920 1028; x_wconf 81' lang='grc' dir='ltr'><strong><em>ἀφικόμενος</em></strong></span> <span class='ocrx_word' id='word_1_42' title='bbox 968 938 1045 1008; x_wconf 74' lang='grc' dir='ltr'><strong><em>δὲ</em></strong></span> <span class='ocrx_word' id='word_1_43' title='bbox 1078 939 1194 1006; x_wconf 83' lang='grc' dir='ltr'><strong><em>καὶ</em></strong></span> <span class='ocrx_word' id='word_1_44' title='bbox 1232 937 1402 1026; x_wconf 87' lang='grc' dir='ltr'><strong><em>πρὸς</em></strong></span> <span class='ocrx_word' id='word_1_45' title='bbox 1436 943 1820 1026; x_wconf 73' lang='grc' dir='ltr'><strong><em>Βαβυλῶνα</em></strong></span> <span class='ocrx_word' id='word_1_46' title='bbox 1862 939 1977 1007; x_wconf 83' lang='grc' dir='ltr'><strong><em>καὶ</em></strong></span> <span class='ocrx_word' id='word_1_47' title='bbox 2024 937 2152 1024; x_wconf 84' lang='grc' dir='ltr'><strong><em>τὴν</em></strong></span> 
     </span>
     <span class='ocr_line' id='line_1_8' title="bbox 213 1037 2152 1130; baseline -0.003 -19"><span class='ocrx_word' id='word_1_48' title='bbox 213 1045 466 1112; x_wconf 84' lang='grc' dir='ltr'><strong><em>εαυτοῦ</em></strong></span> <span class='ocrx_word' id='word_1_49' title='bbox 507 1049 762 1130; x_wconf 85' lang='grc' dir='ltr'><strong><em>σοφίαν</em></strong></span> <span class='ocrx_word' id='word_1_50' title='bbox 802 1040 1320 1128; x_wconf 77' lang='grc' dir='ltr'><strong><em>ἐπιδειξάμενος,</em></strong></span> <span class='ocrx_word' id='word_1_51' title='bbox 1355 1041 1566 1127; x_wconf 88' lang='grc' dir='ltr'><strong><em>μέγας</em></strong></span> <span class='ocrx_word' id='word_1_52' title='bbox 1602 1037 1784 1125; x_wconf 71' lang='grc' dir='ltr'><strong><em>παρὰ</em></strong></span> <span class='ocrx_word' id='word_1_53' title='bbox 1821 1043 1917 1130; x_wconf 76' lang='grc' dir='ltr'><strong><em>τῷ</em></strong></span> <span class='ocrx_word' id='word_1_54' title='bbox 1955 1047 2152 1127; x_wconf 81' lang='grc' dir='ltr'><strong><em>βασι-</em></strong></span> 
     </span>
     <span class='ocr_line' id='line_1_9' title="bbox 206 1136 2154 1233; baseline -0.003 -21"><span class='ocrx_word' id='word_1_55' title='bbox 206 1152 319 1212; x_wconf 82' lang='grc' dir='ltr'><em>λεῖ</em></span> <span class='ocrx_word' id='word_1_56' title='bbox 349 1143 649 1233; x_wconf 79' lang='grc' dir='ltr'><strong><em>Λυκήρῳ</em></strong></span> <span class='ocrx_word' id='word_1_57' title='bbox 700 1144 985 1228; x_wconf 80' lang='grc' dir='ltr'><strong><em>ἐγένετο.</em></strong></span> <span class='ocrx_word' id='word_1_58' title='bbox 1070 1139 1209 1209; x_wconf 82' lang='grc' dir='ltr'><strong><em>κατ’</em></strong></span> <span class='ocrx_word' id='word_1_59' title='bbox 1251 1144 1559 1219; x_wconf 79' lang='grc' dir='ltr'><strong><em>ἐκείνους</em></strong></span> <span class='ocrx_word' id='word_1_60' title='bbox 1609 1136 1744 1227; x_wconf 80' lang='grc' dir='ltr'><strong><em>γάρ</em></strong></span> <span class='ocrx_word' id='word_1_61' title='bbox 1790 1166 1955 1219; x_wconf 86' lang='grc' dir='ltr'><strong><em>τους</em></strong></span> <span class='ocrx_word' id='word_1_62' title='bbox 1990 1140 2154 1226; x_wconf 83' lang='grc' dir='ltr'><strong><em>χρό-</em></strong></span> 
     </span>
     <span class='ocr_line' id='line_1_10' title="bbox 201 1236 2285 1332; baseline -0.003 -18"><span class='ocrx_word' id='word_1_63' title='bbox 201 1272 375 1325; x_wconf 92' lang='grc' dir='ltr'><strong><em>νους</em></strong></span> <span class='ocrx_word' id='word_1_64' title='bbox 440 1249 514 1313; x_wconf 73' lang='grc' dir='ltr'><strong><em>οἱ</em></strong></span> <span class='ocrx_word' id='word_1_65' title='bbox 556 1251 853 1332; x_wconf 76' lang='grc' dir='ltr'><strong><em>βασιλεῖς</em></strong></span> <span class='ocrx_word' id='word_1_66' title='bbox 914 1243 1087 1332; x_wconf 86' lang='grc' dir='ltr'><strong><em>πρὸς</em></strong></span> <span class='ocrx_word' id='word_1_67' title='bbox 1146 1236 1487 1329; x_wconf 87' lang='grc' dir='ltr'><strong><em>ἀλλήλους</em></strong></span> <span class='ocrx_word' id='word_1_68' title='bbox 1534 1241 1814 1328; x_wconf 79' lang='grc' dir='ltr'><strong><em>εἰρήνην</em></strong></span> <span class='ocrx_word' id='word_1_69' title='bbox 1865 1247 2154 1329; x_wconf 79' lang='grc' dir='ltr'><strong><em>ἔχοντες,</em></strong></span> <span class='ocrx_word' id='word_1_70' title='bbox 2276 1324 2285 1331; x_wconf 91' lang='lat'><em>.</em></span> 
     </span>
     <span class='ocr_line' id='line_1_11' title="bbox 204 1342 2231 1434; baseline -0.002 -20"><span class='ocrx_word' id='word_1_71' title='bbox 204 1347 326 1414; x_wconf 84' lang='grc' dir='ltr'><strong><em>καὶ</em></strong></span> <span class='ocrx_word' id='word_1_72' title='bbox 353 1346 652 1434; x_wconf 79' lang='grc' dir='ltr'><strong><em>τέρψεως</em></strong></span> <span class='ocrx_word' id='word_1_73' title='bbox 677 1346 882 1434; x_wconf 83' lang='grc' dir='ltr'><strong><em>χάριν</em></strong></span> <span class='ocrx_word' id='word_1_74' title='bbox 908 1343 1352 1433; x_wconf 84' lang='grc' dir='ltr'><strong><em>προβλήματα</em></strong></span> <span class='ocrx_word' id='word_1_75' title='bbox 1380 1346 1521 1412; x_wconf 78' lang='grc' dir='ltr'><strong><em>τῶν</em></strong></span> <span class='ocrx_word' id='word_1_76' title='bbox 1548 1346 1957 1431; x_wconf 76' lang='grc' dir='ltr'><strong><em>σοφιστικῶν</em></strong></span> <span class='ocrx_word' id='word_1_77' title='bbox 1983 1342 2153 1430; x_wconf 83' lang='grc' dir='ltr'><strong><em>πρὸς</em></strong></span> <span class='ocrx_word' id='word_1_78' title='bbox 2181 1373 2231 1411; x_wconf 89' lang='lat'><strong><em>10</em></strong></span> 
     </span>
     <span class='ocr_line' id='line_1_12' title="bbox 209 1442 2156 1535; baseline -0.002 -20"><span class='ocrx_word' id='word_1_79' title='bbox 209 1446 552 1533; x_wconf 88' lang='grc' dir='ltr'><strong><em>ἀλλήλους</em></strong></span> <span class='ocrx_word' id='word_1_80' title='bbox 587 1446 969 1535; x_wconf 72' lang='grc' dir='ltr'><strong><em>γράφοντες</em></strong></span> <span class='ocrx_word' id='word_1_81' title='bbox 1009 1452 1326 1532; x_wconf 81' lang='grc' dir='ltr'><strong><em>ἔπεμπον.</em></strong></span> <span class='ocrx_word' id='word_1_82' title='bbox 1401 1442 1573 1533; x_wconf 78' lang='grc' dir='ltr'><strong><em>άπερ</em></strong></span> <span class='ocrx_word' id='word_1_83' title='bbox 1610 1450 1684 1513; x_wconf 74' lang='grc' dir='ltr'><strong><em>οἱ</em></strong></span> <span class='ocrx_word' id='word_1_84' title='bbox 1712 1443 1840 1532; x_wconf 72' lang='grc' dir='ltr'><strong><em>μὲν</em></strong></span> <span class='ocrx_word' id='word_1_85' title='bbox 1878 1444 2156 1514; x_wconf 80' lang='grc' dir='ltr'><strong><em>ἐπιλυό-</em></strong></span> 
     </span>
     <span class='ocr_line' id='line_1_13' title="bbox 207 1544 2235 1637; baseline -0.002 -20"><span class='ocrx_word' id='word_1_86' title='bbox 207 1575 403 1636; x_wconf 90' lang='grc' dir='ltr'><strong><em>μενοι</em></strong></span> <span class='ocrx_word' id='word_1_87' title='bbox 437 1547 701 1636; x_wconf 90' lang='grc' dir='ltr'><strong><em>φόρους</em></strong></span> <span class='ocrx_word' id='word_1_88' title='bbox 731 1549 843 1617; x_wconf 80' lang='grc' dir='ltr'><strong><em>ἐπὶ</em></strong></span> <span class='ocrx_word' id='word_1_89' title='bbox 882 1551 1109 1637; x_wconf 75' lang='grc' dir='ltr'><strong><em>ῥητοῖς</em></strong></span> <span class='ocrx_word' id='word_1_90' title='bbox 1146 1547 1319 1635; x_wconf 82' lang='grc' dir='ltr'><strong><em>πρὸς</em></strong></span> <span class='ocrx_word' id='word_1_91' title='bbox 1344 1549 1487 1616; x_wconf 76' lang='grc' dir='ltr'><strong><em>τῶν</em></strong></span> <span class='ocrx_word' id='word_1_92' title='bbox 1515 1546 1919 1634; x_wconf 83' lang='grc' dir='ltr'><strong><em>πεμπόντων</em></strong></span> <span class='ocrx_word' id='word_1_93' title='bbox 1948 1544 2153 1633; x_wconf 80' lang='grc' dir='ltr'><strong><em>ἐλάμ-</em></strong></span> <span class='ocrx_word' id='word_1_94' title='bbox 2233 1547 2235 1550; x_wconf 43' lang='lat'><strong>⁴</strong></span> 
     </span>
     <span class='ocr_line' id='line_1_14' title="bbox 208 1645 2157 1740; baseline -0.002 -22"><span class='ocrx_word' id='word_1_95' title='bbox 208 1658 458 1740; x_wconf 84' lang='grc' dir='ltr'><strong><em>βανον·</em></strong></span> <span class='ocrx_word' id='word_1_96' title='bbox 523 1654 589 1718; x_wconf 84' lang='grc' dir='ltr'><strong><em>εί</em></strong></span> <span class='ocrx_word' id='word_1_97' title='bbox 633 1649 711 1719; x_wconf 75' lang='grc' dir='ltr'><strong><em>δὲ</em></strong></span> <span class='ocrx_word' id='word_1_98' title='bbox 758 1649 875 1737; x_wconf 82' lang='grc' dir='ltr'><strong><em>μὴ,</em></strong></span> <span class='ocrx_word' id='word_1_99' title='bbox 909 1649 1098 1728; x_wconf 73' lang='grc' dir='ltr'><strong><em>’τούς</em></strong></span> <span class='ocrx_word' id='word_1_100' title='bbox 1149 1660 1342 1728; x_wconf 81' lang='grc' dir='ltr'><strong><em>ἴσους</em></strong></span> <span class='ocrx_word' id='word_1_101' title='bbox 1391 1664 1732 1736; x_wconf 84' lang='grc' dir='ltr'><strong><em>παρεῖχον.</em></strong></span> <span class='ocrx_word' id='word_1_102' title='bbox 1818 1645 1855 1716; x_wconf 97' lang='lat'><strong><em>6</em></strong></span> <span class='ocrx_word' id='word_1_103' title='bbox 1916 1654 2157 1715; x_wconf 88' lang='grc' dir='ltr'><strong><em>τοίνυν</em></strong></span> 
     </span>
     <span class='ocr_line' id='line_1_15' title="bbox 222 1748 2158 1839; baseline -0.004 -17"><span class='ocrx_word' id='word_1_104' title='bbox 222 1761 552 1830; x_wconf 80' lang='grc' dir='ltr'><strong><em>Αἴσωπος</em></strong></span> <span class='ocrx_word' id='word_1_105' title='bbox 586 1749 671 1819; x_wconf 75' lang='grc' dir='ltr'><strong><em>τὰ</em></strong></span> <span class='ocrx_word' id='word_1_106' title='bbox 707 1750 1102 1839; x_wconf 85' lang='grc' dir='ltr'><strong><em>πεμπόμενα</em></strong></span> <span class='ocrx_word' id='word_1_107' title='bbox 1137 1753 1279 1819; x_wconf 75' lang='grc' dir='ltr'><strong><em>τῶν</em></strong></span> <span class='ocrx_word' id='word_1_108' title='bbox 1316 1750 1811 1838; x_wconf 83' lang='grc' dir='ltr'><strong><em>προβλημάτων</em></strong></span> <span class='ocrx_word' id='word_1_109' title='bbox 1858 1748 2158 1839; x_wconf 80' lang='grc' dir='ltr'><strong><em>Λυκήρῳ</em></strong></span> 
     </span>
    </p>
   </div>
   <div class='ocr_carea' id='block_1_3' title="bbox 2190 912 2354 968">
    <p class='ocr_par' dir='ltr' id='par_1_4' title="bbox 2190 912 2354 968">
     <span class='ocr_line' id='line_1_16' title="bbox 2190 912 2354 968; baseline -0.013 -13"><span class='ocrx_word' id='word_1_110' title='bbox 2190 928 2233 968; x_wconf 84' lang='lat' dir='ltr'><strong><em>p.</em></strong></span> <span class='ocrx_word' id='word_1_111' title='bbox 2249 912 2354 955; x_wconf 71' lang='lat' dir='ltr'><strong><em>veh.</em></strong></span> 
     </span>
    </p>
   </div>
   <div class='ocr_carea' id='block_1_4' title="bbox 206 1850 2356 2553">
    <p class='ocr_par' dir='ltr' id='par_1_5' title="bbox 206 1850 2235 2244">
     <span class='ocr_line' id='line_1_17' title="bbox 208 1850 2235 1939; baseline -0.002 -17"><span class='ocrx_word' id='word_1_112' title='bbox 208 1850 447 1922; x_wconf 74' lang='grc' dir='ltr'><strong><em>συνών</em></strong></span> <span class='ocrx_word' id='word_1_113' title='bbox 498 1853 781 1939; x_wconf 80' lang='grc' dir='ltr'><strong><em>ἐπέλυε,</em></strong></span> <span class='ocrx_word' id='word_1_114' title='bbox 841 1854 955 1920; x_wconf 83' lang='grc' dir='ltr'><strong><em>καὶ</em></strong></span> <span class='ocrx_word' id='word_1_115' title='bbox 1005 1851 1388 1939; x_wconf 77' lang='grc' dir='ltr'><strong><em>εὐδοκιμεῖν</em></strong></span> <span class='ocrx_word' id='word_1_116' title='bbox 1438 1854 1647 1920; x_wconf 76' lang='grc' dir='ltr'><strong><em>ἐποίει</em></strong></span> <span class='ocrx_word' id='word_1_117' title='bbox 1691 1851 1815 1919; x_wconf 83' lang='grc' dir='ltr'><strong><em>τὸν</em></strong></span> <span class='ocrx_word' id='word_1_118' title='bbox 1861 1851 2155 1937; x_wconf 82' lang='grc' dir='ltr'><strong><em>βασιλέα.</em></strong></span> <span class='ocrx_word' id='word_1_119' title='bbox 2186 1879 2235 1918; x_wconf 87' lang='lat'><strong><em>15</em></strong></span> 
     </span>
     <span class='ocr_line' id='line_1_18' title="bbox 206 1951 2221 2040; baseline -0.003 -18"><span class='ocrx_word' id='word_1_120' title='bbox 206 1955 329 2022; x_wconf 80' lang='grc' dir='ltr'><strong><em>καὶ</em></strong></span> <span class='ocrx_word' id='word_1_121' title='bbox 401 1951 611 2032; x_wconf 78' lang='grc' dir='ltr'><strong><em>αὐτὸς</em></strong></span> <span class='ocrx_word' id='word_1_122' title='bbox 665 1955 743 2022; x_wconf 79' lang='grc' dir='ltr'><strong><em>δὲ</em></strong></span> <span class='ocrx_word' id='word_1_123' title='bbox 791 1952 902 2022; x_wconf 79' lang='grc' dir='ltr'><strong><em>ὃιά</em></strong></span> <span class='ocrx_word' id='word_1_124' title='bbox 939 1952 1263 2040; x_wconf 83' lang='grc' dir='ltr'><strong><em>Λυκήρου</em></strong></span> <span class='ocrx_word' id='word_1_125' title='bbox 1317 1955 1509 2038; x_wconf 79' lang='grc' dir='ltr'><strong><em>ἕτερα</em></strong></span> <span class='ocrx_word' id='word_1_126' title='bbox 1571 1967 1714 2030; x_wconf 78' lang='grc' dir='ltr'><strong><em>τοῖς</em></strong></span> <span class='ocrx_word' id='word_1_127' title='bbox 1767 1955 2159 2038; x_wconf 82' lang='grc' dir='ltr'><strong><em>βασιλεῦσιν</em></strong></span> <span class='ocrx_word' id='word_1_128' title='bbox 2216 1986 2221 1991; x_wconf 92' lang='grc'>·</span> 
     </span>
     <span class='ocr_line' id='line_1_19' title="bbox 207 2045 2160 2144; baseline -0.004 -19"><span class='ocrx_word' id='word_1_129' title='bbox 207 2055 665 2144; x_wconf 81' lang='grc' dir='ltr'><strong><em>ἀντέπεμπεν,</em></strong></span> <span class='ocrx_word' id='word_1_130' title='bbox 716 2045 813 2124; x_wconf 76' lang='grc' dir='ltr'><strong><em>ὧν</em></strong></span> <span class='ocrx_word' id='word_1_131' title='bbox 848 2053 1124 2124; x_wconf 76' lang='grc' dir='ltr'><strong><em>ἀλύτων</em></strong></span> <span class='ocrx_word' id='word_1_132' title='bbox 1158 2054 1534 2142; x_wconf 86' lang='grc' dir='ltr'><strong><em>μενόντων,</em></strong></span> <span class='ocrx_word' id='word_1_133' title='bbox 1582 2053 1845 2141; x_wconf 88' lang='grc' dir='ltr'><strong><em>φόρους</em></strong></span> <span class='ocrx_word' id='word_1_134' title='bbox 1885 2050 1922 2119; x_wconf 94' lang='lat'><strong><em>6</em></strong></span> <span class='ocrx_word' id='word_1_135' title='bbox 1960 2059 2160 2139; x_wconf 89' lang='grc' dir='ltr'><strong><em>βασι-</em></strong></span> 
     </span>
     <span class='ocr_line' id='line_1_20' title="bbox 206 2154 1391 2244; baseline -0.003 -18"><span class='ocrx_word' id='word_1_136' title='bbox 206 2157 374 2238; x_wconf 75' lang='grc' dir='ltr'><strong><em>λεὺς</em></strong></span> <span class='ocrx_word' id='word_1_137' title='bbox 409 2154 510 2226; x_wconf 79' lang='grc' dir='ltr'><strong><em>ὅτι</em></strong></span> <span class='ocrx_word' id='word_1_138' title='bbox 544 2163 902 2237; x_wconf 88' lang='grc' dir='ltr'><strong><em>πλείστους</em></strong></span> <span class='ocrx_word' id='word_1_139' title='bbox 937 2157 1391 2244; x_wconf 76' lang='grc' dir='ltr'><strong><em>εζσέπραττεν.</em></strong></span> 
     </span>
    </p>

    <p class='ocr_par' dir='ltr' id='par_1_6' title="bbox 209 2252 2356 2550">
     <span class='ocr_line' id='line_1_21' title="bbox 334 2252 2356 2346; baseline -0.003 -17"><span class='ocrx_word' id='word_1_140' title='bbox 334 2268 656 2339; x_wconf 79' lang='grc' dir='ltr'><strong><em>Αἴσωπος</em></strong></span> <span class='ocrx_word' id='word_1_141' title='bbox 672 2258 749 2338; x_wconf 76' lang='grc' dir='ltr'><strong><em>δὲ</em></strong></span> <span class='ocrx_word' id='word_1_142' title='bbox 774 2258 866 2346; x_wconf 85' lang='grc' dir='ltr'><strong><em>μὴ</em></strong></span> <span class='ocrx_word' id='word_1_143' title='bbox 881 2256 1554 2345; x_wconf 79' lang='grc' dir='ltr'><strong><em>παιδοποιησάμενος,</em></strong></span> <span class='ocrx_word' id='word_1_144' title='bbox 1579 2259 1700 2327; x_wconf 79' lang='grc' dir='ltr'><strong><em>ἕνα</em></strong></span> <span class='ocrx_word' id='word_1_145' title='bbox 1714 2255 1866 2324; x_wconf 79' lang='grc' dir='ltr'><strong><em>τινὰ</em></strong></span> <span class='ocrx_word' id='word_1_146' title='bbox 1879 2257 2020 2323; x_wconf 78' lang='grc' dir='ltr'><strong><em>τῶν</em></strong></span> <span class='ocrx_word' id='word_1_147' title='bbox 2038 2252 2356 2334; x_wconf 78' lang='grc' dir='ltr'><strong><em>εὐ-ΧΧΠΠ</em></strong></span> 
     </span>
     <span class='ocr_line' id='line_1_22' title="bbox 209 2355 2238 2449; baseline -0.002 -20"><span class='ocrx_word' id='word_1_148' title='bbox 209 2363 464 2449; x_wconf 79' lang='grc' dir='ltr'><strong><em>γενῶν,</em></strong></span> <span class='ocrx_word' id='word_1_149' title='bbox 475 2359 724 2431; x_wconf 87' lang='grc' dir='ltr'><strong><em>’Έννον</em></strong></span> <span class='ocrx_word' id='word_1_150' title='bbox 747 2360 873 2448; x_wconf 88' lang='grc' dir='ltr'><strong><em>τὴν</em></strong></span> <span class='ocrx_word' id='word_1_151' title='bbox 886 2363 1148 2447; x_wconf 83' lang='grc' dir='ltr'><strong><em>κλῆσιν,</em></strong></span> <span class='ocrx_word' id='word_1_152' title='bbox 1176 2358 1642 2445; x_wconf 79' lang='grc' dir='ltr'><strong><em>εἰσεποιήσατό</em></strong></span> <span class='ocrx_word' id='word_1_153' title='bbox 1665 2386 1737 2427; x_wconf 89' lang='grc' dir='ltr'><strong><em>τε</em></strong></span> <span class='ocrx_word' id='word_1_154' title='bbox 1753 2358 1868 2426; x_wconf 86' lang='grc' dir='ltr'><strong><em>καὶ</em></strong></span> <span class='ocrx_word' id='word_1_155' title='bbox 1885 2355 2160 2444; x_wconf 74' lang='grc' dir='ltr'><strong><em>ὦςγνή-</em></strong></span> <span class='ocrx_word' id='word_1_156' title='bbox 2187 2388 2238 2425; x_wconf 81' lang='lat'><strong><em>20</em></strong></span> 
     </span>
     <span class='ocr_line' id='line_1_23' title="bbox 211 2455 2156 2553; baseline -0.003 -21"><span class='ocrx_word' id='word_1_157' title='bbox 211 2482 363 2532; x_wconf 86' lang='grc' dir='ltr'><strong><em>σιον</em></strong></span> <span class='ocrx_word' id='word_1_158' title='bbox 378 2467 591 2531; x_wconf 77' lang='grc' dir='ltr'><strong><em>παῖδα</em></strong></span> <span class='ocrx_word' id='word_1_159' title='bbox 606 2461 701 2553; x_wconf 73' lang='grc' dir='ltr'><strong><em>τῷ</em></strong></span> <span class='ocrx_word' id='word_1_160' title='bbox 723 2469 986 2550; x_wconf 85' lang='grc' dir='ltr'><strong><em>βασιλεῖ</em></strong></span> <span class='ocrx_word' id='word_1_161' title='bbox 1003 2462 1459 2550; x_wconf 87' lang='grc' dir='ltr'><strong><em>προσενέγκας</em></strong></span> <span class='ocrx_word' id='word_1_162' title='bbox 1481 2462 1862 2547; x_wconf 84' lang='grc' dir='ltr'><strong><em>συνέστησε.</em></strong></span> <span class='ocrx_word' id='word_1_163' title='bbox 1899 2455 2063 2545; x_wconf 83' lang='grc' dir='ltr'><strong><em>μετά</em></strong></span> <span class='ocrx_word' id='word_1_164' title='bbox 2093 2457 2156 2526; x_wconf 93' lang='lat'><strong><em>6&#39;</em></strong></span> 
     </span>
    </p>
   </div>
   <div class='ocr_carea' id='block_1_5' title="bbox 165 2642 2170 3666">
    <p class='ocr_par' dir='ltr' id='par_1_7' title="bbox 165 2642 2163 2861">
     <span class='ocr_line' id='line_1_24' title="bbox 359 2642 2163 2737; baseline -0.003 -28"><span class='ocrx_word' id='word_1_165' title='bbox 359 2661 386 2709; x_wconf 90' lang='lat'>1</span> <span class='ocrx_word' id='word_1_166' title='bbox 424 2652 589 2737; x_wconf 83' lang='grc' dir='ltr'><strong><em>τάτε]</em></strong></span> <span class='ocrx_word' id='word_1_167' title='bbox 630 2651 703 2710; x_wconf 80' lang='grc' dir='ltr'><em>τά</em></span> <span class='ocrx_word' id='word_1_168' title='bbox 741 2658 790 2708; x_wconf 89' lang='grc' dir='ltr'><strong><em>Φ</em></strong></span> <span class='ocrx_word' id='word_1_169' title='bbox 892 2649 1122 2724; x_wconf 81' lang='grc' dir='ltr'><strong><em>ἀνέγνω</em></strong></span> <span class='ocrx_word' id='word_1_170' title='bbox 1158 2675 1253 2709; x_wconf 87' lang='lat' dir='ltr'><strong><em>om.</em></strong></span> <span class='ocrx_word' id='word_1_171' title='bbox 1290 2656 1391 2707; x_wconf 99' lang='lat' dir='ltr'>Q</span> <span class='ocrx_word' id='word_1_172' title='bbox 1443 2659 1475 2706; x_wconf 99' lang='grc'>2</span> <span class='ocrx_word' id='word_1_173' title='bbox 1512 2672 1588 2715; x_wconf 86' lang='grc' dir='ltr'><strong><em>ως</em></strong></span> <span class='ocrx_word' id='word_1_174' title='bbox 1625 2652 1707 2715; x_wconf 80' lang='grc' dir='ltr'><strong><em>εἰς</em></strong></span> <span class='ocrx_word' id='word_1_175' title='bbox 1741 2649 1850 2719; x_wconf 87' lang='grc' dir='ltr'><strong><em>τὴν</em></strong></span> <span class='ocrx_word' id='word_1_176' title='bbox 1886 2642 2079 2706; x_wconf 79' lang='grc' dir='ltr'><strong><em>αυτῶν</em></strong></span> <span class='ocrx_word' id='word_1_177' title='bbox 2115 2654 2163 2705; x_wconf 88' lang='grc' dir='ltr'><strong><em>Φ</em></strong></span> 
     </span>
     <span class='ocr_line' id='line_1_25' title="bbox 211 2717 2019 2808; baseline -0.002 -30"><span class='ocrx_word' id='word_1_178' title='bbox 211 2717 293 2785; x_wconf 78' lang='grc' dir='ltr'><strong><em>ὥς</em></strong></span> <span class='ocrx_word' id='word_1_179' title='bbox 330 2723 414 2786; x_wconf 86' lang='grc' dir='ltr'><strong><em>εἰς</em></strong></span> <span class='ocrx_word' id='word_1_180' title='bbox 450 2722 559 2792; x_wconf 86' lang='grc' dir='ltr'><strong><em>τὴν</em></strong></span> <span class='ocrx_word' id='word_1_181' title='bbox 596 2718 780 2778; x_wconf 83' lang='grc' dir='ltr'><strong><em>αυτὸν</em></strong></span> <span class='ocrx_word' id='word_1_182' title='bbox 824 2724 1086 2808; x_wconf 70' lang='lat' dir='ltr'><em>(accentus</em></span> <span class='ocrx_word' id='word_1_183' title='bbox 1118 2728 1302 2792; x_wconf 72' lang='lat' dir='ltr'><strong><em>yrauis</em></strong></span> <span class='ocrx_word' id='word_1_184' title='bbox 1347 2740 1486 2775; x_wconf 79' lang='lat' dir='ltr'><strong><em>corr.</em></strong></span> <span class='ocrx_word' id='word_1_185' title='bbox 1523 2740 1552 2773; x_wconf 86' lang='lat' dir='ltr'><strong><em>e</em></strong></span> <span class='ocrx_word' id='word_1_186' title='bbox 1586 2721 1933 2786; x_wconf 75' lang='lat' dir='ltr'><strong><em>circumfleaeo)</em></strong></span> <span class='ocrx_word' id='word_1_187' title='bbox 1971 2722 2019 2784; x_wconf 77' lang='lat' dir='ltr'>Q</span> 
     </span>
     <span class='ocr_line' id='line_1_26' title="bbox 165 2782 2165 2875; baseline -0.003 -30"><span class='ocrx_word' id='word_1_188' title='bbox 165 2811 172 2816; x_wconf 66' lang='grc'><em>’</em></span> <span class='ocrx_word' id='word_1_189' title='bbox 210 2794 585 2875; x_wconf 81' lang='grc' dir='ltr'><strong><em>γε’νομενειν</em></strong></span> <span class='ocrx_word' id='word_1_190' title='bbox 590 2795 635 2844; x_wconf 93' lang='grc' dir='ltr'>Ρ</span> <span class='ocrx_word' id='word_1_191' title='bbox 671 2788 997 2859; x_wconf 64' lang='grc' dir='ltr'><strong><em>γειναμένην</em></strong></span> <span class='ocrx_word' id='word_1_192' title='bbox 1034 2793 1079 2842; x_wconf 88' lang='grc' dir='ltr'><strong>Ε</strong></span> <span class='ocrx_word' id='word_1_193' title='bbox 1104 2794 1159 2843; x_wconf 92' lang='grc' dir='ltr'><strong><em>Η</em></strong></span> <span class='ocrx_word' id='word_1_194' title='bbox 1263 2796 1297 2844; x_wconf 86' lang='grc'><strong>3</strong></span> <span class='ocrx_word' id='word_1_195' title='bbox 1334 2783 1669 2857; x_wconf 73' lang='grc' dir='ltr'><strong><em>ἐλευθερίᾳ]</em></strong></span> <span class='ocrx_word' id='word_1_196' title='bbox 1709 2782 2165 2867; x_wconf 69' lang='grc' dir='ltr'><strong><em>ἐλευθερίους-Φ</em></strong></span> 
     </span>
    </p>

    <p class='ocr_par' dir='ltr' id='par_1_8' title="bbox 207 2851 2169 3396">
     <span class='ocr_line' id='line_1_27' title="bbox 390 2851 2166 2978; baseline -0.002 -67"><span class='ocrx_word' id='word_1_197' title='bbox 390 2864 426 2911; x_wconf 87' lang='grc'>4</span> <span class='ocrx_word' id='word_1_198' title='bbox 462 2852 621 2924; x_wconf 81' lang='grc' dir='ltr'><strong><em>ἀπάρ</em></strong></span> <span class='ocrx_word' id='word_1_199' title='bbox 590 2878 728 2927; x_wconf 80' lang='grc' dir='ltr'><strong><em>ρρας</em></strong></span> <span class='ocrx_word' id='word_1_200' title='bbox 763 2861 807 2910; x_wconf 93' lang='grc' dir='ltr'><strong>Ρ</strong></span> <span class='ocrx_word' id='word_1_201' title='bbox 977 2852 1181 2927; x_wconf 84' lang='grc' dir='ltr'><strong><em>περήει</em></strong></span> <span class='ocrx_word' id='word_1_202' title='bbox 1221 2861 1267 2923; x_wconf 83' lang='lat' dir='ltr'>Q</span> <span class='ocrx_word' id='word_1_203' title='bbox 1294 2859 1346 2908; x_wconf 95' lang='lat' dir='ltr'>D</span> <span class='ocrx_word' id='word_1_204' title='bbox 1586 2851 1913 2936; x_wconf 80' lang='grc' dir='ltr'><strong><em>φιλολόγων</em></strong></span> <span class='ocrx_word' id='word_1_205' title='bbox 1956 2856 2166 2978; x_wconf 52' lang='grc' dir='ltr'><strong><em>ΜῖΒ</em></strong></span> 
     </span>
     <span class='ocr_line' id='line_1_28' title="bbox 217 2874 2168 2996; baseline -0.002 -18"><span class='ocrx_word' id='word_1_206' title='bbox 217 2926 569 2995; x_wconf 78' lang='grc' dir='ltr'><strong><em>φιλοσῶφων</em></strong></span> <span class='ocrx_word' id='word_1_207' title='bbox 603 2931 647 2980; x_wconf 89' lang='grc' dir='ltr'>Ρ</span> <span class='ocrx_word' id='word_1_208' title='bbox 759 2930 791 2978; x_wconf 82' lang='grc'>6</span> <span class='ocrx_word' id='word_1_209' title='bbox 829 2922 898 2979; x_wconf 71' lang='grc' dir='ltr'><strong><em>δὲ</em></strong></span> <span class='ocrx_word' id='word_1_210' title='bbox 934 2924 1060 2993; x_wconf 80' lang='grc' dir='ltr'><strong><em>καὶ]</em></strong></span> <span class='ocrx_word' id='word_1_211' title='bbox 1104 2889 1169 2979; x_wconf 73' lang='grc' dir='ltr'><strong><em>δὲ</em></strong></span> <span class='ocrx_word' id='word_1_212' title='bbox 1205 2928 1247 2977; x_wconf 87' lang='grc' dir='ltr'><strong>Ζ</strong></span> <span class='ocrx_word' id='word_1_213' title='bbox 1362 2930 1392 2976; x_wconf 80' lang='grc'><strong>7</strong></span> <span class='ocrx_word' id='word_1_214' title='bbox 1429 2874 1904 2996; x_wconf 74' lang='grc' dir='ltr'><strong><em>ἐπιδεικνυμενος</em></strong></span> <span class='ocrx_word' id='word_1_215' title='bbox 1940 2925 1990 2976; x_wconf 96' lang='grc' dir='ltr'><strong><em>Φ</em></strong></span> <span class='ocrx_word' id='word_1_216' title='bbox 2027 2926 2046 2988; x_wconf 90' lang='grc'>(</span> <span class='ocrx_word' id='word_1_217' title='bbox 2078 2941 2168 2976; x_wconf 79' lang='grc' dir='ltr'><strong><em>πι-</em></strong></span> 
     </span>
     <span class='ocr_line' id='line_1_29' title="bbox 218 3013 2032 3137; baseline -0.001 -24"><span class='ocrx_word' id='word_1_218' title='bbox 218 3060 391 3113; x_wconf 80' lang='grc' dir='ltr'><strong><em>δυκν.</em></strong></span> <span class='ocrx_word' id='word_1_219' title='bbox 428 3060 495 3125; x_wconf 92' lang='lat' dir='ltr'><strong><em>P)</em></strong></span> <span class='ocrx_word' id='word_1_220' title='bbox 646 3013 880 3137; x_wconf 56' lang='grc' dir='ltr'><strong><em>ὃλζιήρω</em></strong></span> <span class='ocrx_word' id='word_1_221' title='bbox 904 3062 952 3111; x_wconf 86' lang='lat' dir='ltr'><strong>R</strong></span> <span class='ocrx_word' id='word_1_222' title='bbox 987 3078 1054 3111; x_wconf 90' lang='lat' dir='ltr'><strong><em>m.</em></strong></span> <span class='ocrx_word' id='word_1_223' title='bbox 1081 3078 1163 3127; x_wconf 88' lang='lat' dir='ltr'><strong><em>pr.</em></strong></span> <span class='ocrx_word' id='word_1_224' title='bbox 1315 3052 1668 3120; x_wconf 68' lang='grc' dir='ltr'><strong><em>κατεκῦνους</em></strong></span> <span class='ocrx_word' id='word_1_225' title='bbox 1704 3062 1749 3112; x_wconf 92' lang='grc' dir='ltr'>Ρ</span> <span class='ocrx_word' id='word_1_226' title='bbox 1785 3069 1842 3112; x_wconf 76' lang='lat' dir='ltr'><strong><em>ut</em></strong></span> <span class='ocrx_word' id='word_1_227' title='bbox 1874 3076 2032 3126; x_wconf 75' lang='lat' dir='ltr'><strong><em>mepe</em></strong></span> 
     </span>
     <span class='ocr_line' id='line_1_30' title="bbox 216 3123 2168 3195; baseline -0.002 -16"><span class='ocrx_word' id='word_1_228' title='bbox 216 3124 340 3195; x_wconf 78' lang='grc' dir='ltr'><strong><em>γὰρ</em></strong></span> <span class='ocrx_word' id='word_1_229' title='bbox 367 3132 421 3179; x_wconf 77' lang='lat' dir='ltr'><strong><em>in</em></strong></span> <span class='ocrx_word' id='word_1_230' title='bbox 455 3129 505 3178; x_wconf 89' lang='lat' dir='ltr'>A</span> <span class='ocrx_word' id='word_1_231' title='bbox 544 3131 674 3192; x_wconf 79' lang='lat' dir='ltr'><strong><em>fecit</em></strong></span> <span class='ocrx_word' id='word_1_232' title='bbox 708 3146 780 3179; x_wconf 78' lang='lat' dir='ltr'><strong><em>ex</em></strong></span> <span class='ocrx_word' id='word_1_233' title='bbox 815 3124 923 3180; x_wconf 78' lang='grc' dir='ltr'><strong><em>οὖν</em></strong></span> <span class='ocrx_word' id='word_1_234' title='bbox 957 3129 1007 3178; x_wconf 89' lang='lat' dir='ltr'>A</span> <span class='ocrx_word' id='word_1_235' title='bbox 1028 3131 1079 3182; x_wconf 89' lang='grc'>2.</span> <span class='ocrx_word' id='word_1_236' title='bbox 1124 3132 1263 3179; x_wconf 75' lang='lat' dir='ltr'><strong><em>inter</em></strong></span> <span class='ocrx_word' id='word_1_237' title='bbox 1307 3123 1417 3195; x_wconf 80' lang='grc' dir='ltr'><strong><em>γὰρ</em></strong></span> <span class='ocrx_word' id='word_1_238' title='bbox 1464 3137 1514 3179; x_wconf 78' lang='lat' dir='ltr'><strong><em>et</em></strong></span> <span class='ocrx_word' id='word_1_239' title='bbox 1548 3124 1685 3189; x_wconf 85' lang='grc' dir='ltr'><strong><em>τους</em></strong></span> <span class='ocrx_word' id='word_1_240' title='bbox 1718 3132 1773 3181; x_wconf 76' lang='lat' dir='ltr'><strong><em>in</em></strong></span> <span class='ocrx_word' id='word_1_241' title='bbox 1809 3130 1857 3192; x_wconf 77' lang='lat' dir='ltr'>Q</span> <span class='ocrx_word' id='word_1_242' title='bbox 1905 3130 2168 3180; x_wconf 76' lang='lat' dir='ltr'><strong><em>duodecim</em></strong></span> 
     </span>
     <span class='ocr_line' id='line_1_31' title="bbox 214 3187 2167 3274; baseline -0.002 -27"><span class='ocrx_word' id='word_1_243' title='bbox 214 3199 339 3261; x_wconf 77' lang='lat' dir='ltr'><strong><em>fere</em></strong></span> <span class='ocrx_word' id='word_1_244' title='bbox 376 3198 581 3247; x_wconf 70' lang='lat' dir='ltr'><strong><em>litterae</em></strong></span> <span class='ocrx_word' id='word_1_245' title='bbox 616 3212 820 3250; x_wconf 77' lang='lat' dir='ltr'><strong><em>erasae.</em></strong></span> <span class='ocrx_word' id='word_1_246' title='bbox 959 3187 1227 3274; x_wconf 79' lang='grc' dir='ltr'><strong><em>χρόνους]</em></strong></span> <span class='ocrx_word' id='word_1_247' title='bbox 1266 3211 1506 3259; x_wconf 81' lang='grc' dir='ltr'><strong><em>καιρους</em></strong></span> <span class='ocrx_word' id='word_1_248' title='bbox 1543 3195 1595 3244; x_wconf 92' lang='lat' dir='ltr'>D</span> <span class='ocrx_word' id='word_1_249' title='bbox 1726 3200 1790 3248; x_wconf 84' lang='lat'><strong><em>10</em></strong></span> <span class='ocrx_word' id='word_1_250' title='bbox 1825 3190 2088 3260; x_wconf 77' lang='grc' dir='ltr'><strong><em>τέρψαως</em></strong></span> <span class='ocrx_word' id='word_1_251' title='bbox 2123 3196 2167 3245; x_wconf 93' lang='grc' dir='ltr'><strong>Ρ</strong></span> 
     </span>
     <span class='ocr_line' id='line_1_32' title="bbox 207 3256 2164 3359; baseline -0.001 -47"><span class='ocrx_word' id='word_1_252' title='bbox 207 3305 218 3312; x_wconf 83' lang='grc'><strong><em>.</em></strong></span> <span class='ocrx_word' id='word_1_253' title='bbox 358 3257 700 3327; x_wconf 79' lang='grc' dir='ltr'><strong><em>σοφιστικὸν</em></strong></span> <span class='ocrx_word' id='word_1_254' title='bbox 738 3265 781 3314; x_wconf 94' lang='grc' dir='ltr'>Ρ</span> <span class='ocrx_word' id='word_1_255' title='bbox 820 3262 1112 3328; x_wconf 82' lang='grc' dir='ltr'><strong><em>σοφιστῶν</em></strong></span> <span class='ocrx_word' id='word_1_256' title='bbox 1146 3264 1196 3313; x_wconf 93' lang='lat' dir='ltr'>A</span> <span class='ocrx_word' id='word_1_257' title='bbox 1368 3266 1431 3313; x_wconf 83' lang='lat'><strong><em>12</em></strong></span> <span class='ocrx_word' id='word_1_258' title='bbox 1450 3256 1612 3359; x_wconf 42' lang='lat' dir='ltr'><strong><em>..3:1ch</em></strong></span> <span class='ocrx_word' id='word_1_259' title='bbox 1581 3268 1776 3331; x_wconf 85' lang='grc' dir='ltr'><strong><em>ρητοῖς</em></strong></span> <span class='ocrx_word' id='word_1_260' title='bbox 1811 3264 1856 3313; x_wconf 92' lang='grc' dir='ltr'>Ρ</span> <span class='ocrx_word' id='word_1_261' title='bbox 2025 3259 2164 3327; x_wconf 82' lang='grc' dir='ltr'><strong><em>τῶν]</em></strong></span> 
     </span>
     <span class='ocr_line' id='line_1_33' title="bbox 220 3323 2169 3396; baseline -0.003 -13"><span class='ocrx_word' id='word_1_262' title='bbox 220 3323 410 3383; x_wconf 83' lang='grc' dir='ltr'><strong><em>τόνΡ</em></strong></span> <span class='ocrx_word' id='word_1_263' title='bbox 588 3327 1014 3391; x_wconf 71' lang='lat' dir='ltr'><strong><em>13slVQK</em></strong></span> <span class='ocrx_word' id='word_1_264' title='bbox 1059 3331 1142 3382; x_wconf 82' lang='lat' dir='ltr'><strong><em>ed.</em></strong></span> <span class='ocrx_word' id='word_1_265' title='bbox 1161 3328 1463 3381; x_wconf 49' lang='lat' dir='ltr'><strong>Neuoleta</strong></span> <span class='ocrx_word' id='word_1_266' title='bbox 1513 3328 2169 3396; x_wconf 74' lang='lat' dir='ltr'><strong>mMQDRHEzv</strong></span> 
     </span>
    </p>

    <p class='ocr_par' dir='ltr' id='par_1_9' title="bbox 365 3391 2167 3463">
     <span class='ocr_line' id='line_1_34' title="bbox 365 3391 2167 3463; baseline -0.002 -14"><span class='ocrx_word' id='word_1_267' title='bbox 365 3400 430 3450; x_wconf 84' lang='lat'><strong><em>15</em></strong></span> <span class='ocrx_word' id='word_1_268' title='bbox 468 3391 709 3450; x_wconf 76' lang='grc' dir='ltr'><strong><em>ἐπέλυεν</em></strong></span> <span class='ocrx_word' id='word_1_269' title='bbox 744 3399 801 3448; x_wconf 88' lang='grc' dir='ltr'><em>Μ</em></span> <span class='ocrx_word' id='word_1_270' title='bbox 976 3401 1040 3448; x_wconf 80' lang='lat'><strong><em>17</em></strong></span> <span class='ocrx_word' id='word_1_271' title='bbox 1080 3391 1457 3463; x_wconf 79' lang='grc' dir='ltr'><strong><em>ἀντέπεμψεν</em></strong></span> <span class='ocrx_word' id='word_1_272' title='bbox 1491 3400 1559 3463; x_wconf 88' lang='grc' dir='ltr'><strong><em>Ζ,</em></strong></span> <span class='ocrx_word' id='word_1_273' title='bbox 1606 3407 1654 3463; x_wconf 79' lang='grc' dir='ltr'><strong><em>ψ</em></strong></span> <span class='ocrx_word' id='word_1_274' title='bbox 1691 3415 1762 3449; x_wconf 78' lang='lat' dir='ltr'><strong><em>ex</em></strong></span> <span class='ocrx_word' id='word_1_275' title='bbox 1796 3414 1933 3449; x_wconf 84' lang='lat' dir='ltr'><strong><em>corr.</em></strong></span> <span class='ocrx_word' id='word_1_276' title='bbox 1970 3400 2022 3446; x_wconf 79' lang='lat' dir='ltr'><strong><em>in</em></strong></span> <span class='ocrx_word' id='word_1_277' title='bbox 2057 3411 2167 3450; x_wconf 79' lang='lat' dir='ltr'><strong><em>ras</em></strong></span> 
     </span>
    </p>

    <p class='ocr_par' dir='ltr' id='par_1_10' title="bbox 219 3438 2170 3600">
     <span class='ocr_line' id='line_1_35' title="bbox 362 3438 2166 3544; baseline -0.002 -28"><span class='ocrx_word' id='word_1_278' title='bbox 362 3469 428 3518; x_wconf 85' lang='lat'><strong><em>19</em></strong></span> <span class='ocrx_word' id='word_1_279' title='bbox 466 3458 572 3517; x_wconf 85' lang='grc' dir='ltr'><strong><em>ενά</em></strong></span> <span class='ocrx_word' id='word_1_280' title='bbox 608 3481 742 3518; x_wconf 86' lang='grc' dir='ltr'><strong><em>τινα</em></strong></span> <span class='ocrx_word' id='word_1_281' title='bbox 776 3467 835 3517; x_wconf 92' lang='grc' dir='ltr'><strong>Μ</strong></span> <span class='ocrx_word' id='word_1_282' title='bbox 859 3466 911 3515; x_wconf 95' lang='lat' dir='ltr'>D</span> <span class='ocrx_word' id='word_1_283' title='bbox 934 3466 984 3515; x_wconf 87' lang='lat' dir='ltr'><strong><em>R.</em></strong></span> <span class='ocrx_word' id='word_1_284' title='bbox 1007 3466 1062 3515; x_wconf 82' lang='lat' dir='ltr'><strong>H</strong></span> <span class='ocrx_word' id='word_1_285' title='bbox 1088 3467 1132 3515; x_wconf 80' lang='grc' dir='ltr'>Ε</span> <span class='ocrx_word' id='word_1_286' title='bbox 1159 3466 1201 3514; x_wconf 91' lang='grc' dir='ltr'><strong>Ζ</strong></span> <span class='ocrx_word' id='word_1_287' title='bbox 1226 3466 1279 3514; x_wconf 89' lang='grc' dir='ltr'><strong>Κ</strong></span> <span class='ocrx_word' id='word_1_288' title='bbox 1316 3438 1606 3544; x_wconf 76' lang='grc' dir='ltr'><strong><em>ἔννατηνᾶ</em></strong></span> <span class='ocrx_word' id='word_1_289' title='bbox 1640 3468 1685 3517; x_wconf 95' lang='grc' dir='ltr'>Ρ</span> <span class='ocrx_word' id='word_1_290' title='bbox 1838 3467 1906 3515; x_wconf 91' lang='grc'>20</span> <span class='ocrx_word' id='word_1_291' title='bbox 1939 3454 2166 3529; x_wconf 81' lang='grc' dir='ltr'><strong><em>Ἑννον]</em></strong></span> 
     </span>
     <span class='ocr_line' id='line_1_36' title="bbox 219 3524 2170 3600; baseline -0.002 -15"><span class='ocrx_word' id='word_1_292' title='bbox 219 3536 282 3586; x_wconf 76' lang='lat' dir='ltr'><strong><em>ia</em></strong></span> <span class='ocrx_word' id='word_1_293' title='bbox 313 3540 393 3585; x_wconf 77' lang='grc' dir='ltr'><strong><em>εει</em></strong></span> <span class='ocrx_word' id='word_1_294' title='bbox 428 3527 605 3585; x_wconf 84' lang='grc' dir='ltr'><strong><em>Αἶνον</em></strong></span> <span class='ocrx_word' id='word_1_295' title='bbox 764 3550 828 3585; x_wconf 90' lang='grc' dir='ltr'><strong><em>τε</em></strong></span> <span class='ocrx_word' id='word_1_296' title='bbox 864 3550 957 3585; x_wconf 89' lang='lat' dir='ltr'><strong><em>om.</em></strong></span> <span class='ocrx_word' id='word_1_297' title='bbox 993 3534 1038 3584; x_wconf 93' lang='lat' dir='ltr'>P</span> <span class='ocrx_word' id='word_1_298' title='bbox 1203 3526 1304 3600; x_wconf 85' lang='grc' dir='ltr'><strong><em>ως]</em></strong></span> <span class='ocrx_word' id='word_1_299' title='bbox 1345 3524 1410 3592; x_wconf 81' lang='grc' dir='ltr'><strong><em>ὃς</em></strong></span> <span class='ocrx_word' id='word_1_300' title='bbox 1445 3534 1489 3583; x_wconf 95' lang='grc' dir='ltr'>Ρ</span> <span class='ocrx_word' id='word_1_301' title='bbox 1637 3535 1700 3583; x_wconf 89' lang='grc'>21</span> <span class='ocrx_word' id='word_1_302' title='bbox 1739 3529 2084 3598; x_wconf 78' lang='grc' dir='ltr'><strong><em>συνέστησεν</em></strong></span> <span class='ocrx_word' id='word_1_303' title='bbox 2118 3531 2170 3581; x_wconf 91' lang='lat' dir='ltr'>D</span> 
     </span>
    </p>

    <p class='ocr_par' dir='ltr' id='par_1_11' title="bbox 363 3592 1092 3666">
     <span class='ocr_line' id='line_1_37' title="bbox 363 3592 1092 3666; baseline -0.003 -13"><span class='ocrx_word' id='word_1_304' title='bbox 363 3596 571 3665; x_wconf 77' lang='grc' dir='ltr'><strong><em>μεταδ’</em></strong></span> <span class='ocrx_word' id='word_1_305' title='bbox 578 3592 650 3653; x_wconf 86' lang='grc' dir='ltr'><strong><em>ου’</em></strong></span> <span class='ocrx_word' id='word_1_306' title='bbox 685 3603 732 3651; x_wconf 88' lang='grc' dir='ltr'><strong>Ε</strong></span> <span class='ocrx_word' id='word_1_307' title='bbox 756 3602 813 3652; x_wconf 89' lang='grc' dir='ltr'>Η</span> <span class='ocrx_word' id='word_1_308' title='bbox 846 3610 903 3652; x_wconf 82' lang='lat' dir='ltr'><strong><em>ut</em></strong></span> <span class='ocrx_word' id='word_1_309' title='bbox 934 3617 1092 3666; x_wconf 79' lang='lat' dir='ltr'><strong><em>saepe</em></strong></span> 
     </span>
    </p>
   </div>
   <div class='ocr_carea' id='block_1_6' title="bbox 2560 3171 2561 3824">
    <p class='ocr_par' dir='ltr' id='par_1_12' title="bbox 2560 3171 2561 3824">
     <span class='ocr_line' id='line_1_38' title="bbox 2560 3171 2561 3824; baseline 0 0"><span class='ocrx_word' id='word_1_310' title='bbox 2560 3171 2561 3824; x_wconf 95' lang='lat' dir='ltr'><strong><em> </em></strong></span> 
     </span>
    </p>
   </div>
  </div>
 </body>
</html>
