2563 4087
414 243 497 305 92
1221 244 1373 295 v111.
1401 246 1445 295 ·i.
1486 247 1535 294 ⁶2.

573 384 794 474 ,,ἄνήρ
830 413 926 464 τις
962 378 1046 472 ἦν
1084 387 1476 473 πανοῦργος
1512 386 1820 465 icauna),
1861 384 2151 472 πόρνος·
2193 380 2371 453 ὅταν

416 487 492 554 δὲ
527 484 733 572 ἤκουε
769 488 926 575 περὶ
961 486 1286 572 γυναικὸς
1320 483 1703 574 εὐμόρφου,
1730 484 1899 572 πρὸς
1930 490 2201 574 ἐκείνην
2243 485 2370 555 εὐ-

416 588 553 667 θύς
593 588 952 676 ἐπορεύετο
991 591 1218 656 ἕνεκεν
1266 585 1551 675 ὁμιλίας.
1627 587 1939 675 ἐδηλώθη
1991 579 2121 656 οὖν
2172 587 2371 678 αὐτῷ

414 693 534 777 μιᾷ
587 693 725 756 τῶν
778 687 1047 776 ἡμερῶν
1100 698 1262 776 περί
1316 715 1498 768 τινος
1560 689 1883 774 γυναικὸς
1942 690 2114 757 κατὰ
2179 691 2370 758 πολὺ

367 818 392 856 5
421 790 706 876 ὦραίας·
757 792 872 858 καὶ
920 789 1058 877 ἅμα
1095 790 1265 877 πρὸς
1316 794 1581 877 ἐκείνην
1617 789 1885 876 ἀπῆλθε
1936 794 2061 859 τοῦ
2101 811 2368 878 συμμι-

419 893 620 978 γῆναι
647 889 845 980 αὐτῇ.
900 890 1036 978 εἶχε
1063 892 1140 960 δὲ
1167 891 1209 977 ἦ
1241 892 1419 978 γυνὴ
1447 897 1659 961 παῖδα
1689 894 1909 979 τριετῆ
1936 889 2119 960 ὄντα.
2167 898 2375 978 ἔτυχε

419 992 496 1062 δὲ
530 995 615 1080 τῇ
657 992 800 1082 ω’ρᾳ
840 996 1065 1082 ἐκείνῃ
1104 994 1326 1079 λέγειν
1359 992 1480 1062 τὸν
1516 999 1730 1062 παῖδα
1754 995 1837 1081 τῇ
1876 1001 2108 1080 μητρί·
2153 1001 2372 1080 „noi-

419 1093 589 1180 ησόν
623 1123 734 1182 μοι
767 1095 1160 1185 μαγέρευμοέ
1191 1123 1256 1163 τι
1291 1094 1607 1182 φαγεῖν.“
1680 1093 1723 1181 ἡ
1772 1094 1849 1163 δὲ
1897 1094 2074 1180 γυνὴ
2126 1090 2406 1183 ὁρῶσα

216 1222 399 1272 p.116B.
419 1197 542 1263 τὸν
606 1195 823 1286 ἄνδρα
876 1197 1342 1280 σπουδάζοντα
1393 1196 1559 1286 πρὸς
1619 1196 1837 1283 μῖξιν,
1897 1196 2077 1282 λε’γει
2133 1195 2374 1287 αὐτῷ·

346 1326 394 1363 10
424 1296 707 1387 ,,ὀλίγον
743 1326 855 1385 μοι
890 1297 1375 1388 ἆκαρτέρησον,
1412 1297 1760 1385 ἄνθρωπε,
1800 1300 1924 1376 ἕως
1960 1288 2044 1365 οὗ
2082 1296 2161 1364 τὸ
2204 1324 2371 1366 παι-

424 1399 708 1489 ,,δοίριον
744 1398 1189 1469 ἄναπαύσω.“
1261 1396 1299 1467 ὃ
1335 1399 1411 1467 δὲ
1448 1401 1624 1485 λέγει
1656 1402 1741 1487 τῇ
1780 1406 2090 1486 γυναικί·
2134 1400 2370 1487 ,ματα

426 1500 548 1587 „nb
586 1499 811 1590 παρὸν
846 1502 971 1588 τὴν
1004 1505 1128 1569 τοῦ
1168 1501 1411 1579 παιδός
1448 1521 1574 1569 σου
1612 1500 1966 1588 φροντίδα
2004 1507 2214 1570 ἔασον
2253 1503 2372 1569 καὶ

425 1600 554 1690 ,,τοὶ
591 1607 709 1688 τῆς
748 1605 1112 1690 ἐπιθυμίας
1146 1629 1279 1690 μου
1310 1601 1699 1690 πλήρωσον,
1724 1602 1814 1688 μή
1841 1626 1983 1681 πως
2011 1600 2369 1690 ἄργήσω.“

422 1701 467 1788 ἢ
503 1702 579 1771 δὲ
615 1702 1029 1791 ἄντέφησεν·
1082 1704 1254 1791 ,,ἐάν
1294 1706 1691 1790 ἐγίνωσκες,
1741 1694 1796 1770 ὦ
1827 1701 2195 1790 ἄνθρωπε,
2246 1706 2376 1790 τὴν

349 1829 397 1869 15
428 1808 730 1892 »γνῶσιν
764 1805 1014 1874 τούτου
1048 1832 1183 1891 μου
1220 1810 1343 1873 τοῦ
1383 1801 1650 1890 παιδός,
1678 1803 1804 1873 οὐκ
1832 1802 1918 1872 ἄν
1945 1831 2055 1892 μοι
2080 1809 2372 1874 τοιαῦτα

428 1912 697 1993 3,ἔλεγες
726 1906 1056 1995 ρήματα.“
1113 1908 1230 1974 καὶ
1258 1910 1474 1974 ταῦτα
1503 1908 1815 1991 εἰποῦσα,
1851 1905 1961 1973 διὰ
1999 1907 2378 1993 συντόμων

427 2012 751 2096 ἐγείρεται
784 2010 899 2079 καὶ
936 2007 1203 2096 ὀρύζιον
1255 2007 1561 2094 ἑψήσασα
1597 2010 1689 2098 τῷ
1728 2010 1919 2076 παιδὶ
1957 2009 2374 2097 παρέθηκεν.

426 2111 462 2179 ὁ
501 2111 577 2179 δὲ
615 2128 814 2199 παῖς,
861 2118 925 2180 εἰ
958 2113 1071 2179 καὶ
1108 2109 1325 2178 πολλὰ
1362 2109 1595 2197 μικρὸς
1632 2108 1760 2177 οὐκ
1793 2099 1956 2197 ἦτον
1980 2161 1998 2193 ,
2036 2107 2191 2177 ἀλλ’
2240 2102 2378 2179 οὖν

423 2210 684 2300 ὑπῆρχε
720 2220 976 2280 κλαίων
1023 2213 1137 2279 καὶ
1173 2211 1297 2298 τὴν
1344 2214 1597 2299 μητέρα
1645 2209 1973 2297 ἠνάγκαζε
2022 2222 2375 2298 παραθεῖ-

349 2337 400 2376 20
425 2340 539 2380 ναι
573 2311 758 2401 αὐτῷ
797 2320 1035 2380 πλεῖον
1063 2310 1363 2398 ὀρύζιον·
1405 2319 1589 2399 ἔλεγε
1624 2312 1754 2399 γὰρ
1784 2312 1886 2380 ὅτι
1925 2311 2196 2399 ,,οέκμὴν
2239 2311 2373 2381 οὐκ

429 2413 831 2505 ,,ἑχόρτανα,
867 2412 1017 2481 ἀλλ’
1051 2412 1372 2501 ὀρέγομαι
1406 2413 1946 2501 περισσότερον.“
2003 2417 2118 2481 καὶ
2154 2413 2198 2499 ἡ
2237 2415 2376 2501 μή·

564 2616 589 2661 1
631 2613 801 2677 „hanc
836 2614 1181 2661 narrationem
1217 2614 1383 2662 omisit
1418 2610 1592 2661 Ven.“
1633 2611 1973 2661 Boissonade
2198 2601 2376 2661 ‘vlunt
2433 2670 2438 2676 .

426 2671 668 2746 ἠκηκόει
703 2680 761 2729 Μ
918 2681 951 2728 4
985 2672 1287 2730 καταπολύ
1326 2683 1373 2730 V
1408 2687 1462 2728 ut
1496 2694 1653 2743 saepe
1812 2680 1844 2728 6
1880 2682 2053 2728 lemma
2088 2693 2196 2743 περ
2265 2676 2378 2729 τοῦ

427 2746 687 2810 τριετοῦς
721 2736 932 2805 παιδός
1072 2745 1285 2812 τριετῆ]
1320 2747 1638 2797 scribendum
1672 2748 1843 2809 potius
1878 2742 2069 2811 τριέτη
2106 2747 2178 2808 ef.
2221 2746 2376 2797 Pon.

430 2819 478 2876 1,
517 2817 600 2864 54.
640 2815 813 2866 Gssttl.
849 2817 981 2865 Ace.
1019 2817 1120 2866 323
1316 2817 1345 2864 7
1384 2809 1599 2879 λέγειν]
1637 2815 1914 2875 infinitiuus
1949 2819 2028 2863 est
2061 2816 2114 2862 in
2148 2814 2207 2862 M
2248 2830 2376 2879 quo·

428 2898 541 2946 que.
577 2883 647 2943 cf.
675 2884 755 2941 73,
783 2884 812 2930 2
922 2883 955 2932 8
979 2875 1368 2947 μαγερεύματι
1394 2882 1455 2930 V.
1492 2882 1565 2942 ef.
1590 2882 1671 2942 73,
1703 2882 1782 2932 11.
1807 2883 1873 2931 20
1978 2884 2010 2930 9
2034 2878 2194 2945 μίξιν
2216 2880 2374 2930 ABV

429 2952 494 2999 10
529 2965 626 3013 μοι
650 2949 819 2997 ARV:
856 2963 926 3013 με
953 2952 1026 3011 Μ,
1063 2966 1157 3000 om.
1187 2951 1254 2999 D.
1290 2952 1374 2999 ille
1400 2950 1604 2998 datium
1639 2949 1726 3013 qui
1749 2950 1939 2999 dicitur
1963 2949 2157 2998 ethim
2190 2954 2376 3012 potest

430 3032 560 3067 esse.
597 3017 665 3078 cf.
703 3018 783 3072 53.
820 3019 852 3067 5
1049 3015 1127 3084 τῷ
1162 3014 1458 3085 παιδαρίῳ
1494 3016 1666 3065 ABV:
1704 3010 1767 3066 τὰ
1804 3007 2122 3081 παιδάριον
2151 3019 2375 3079 scripsi.

428 3086 500 3146 cf.
544 3085 609 3133 D.
667 3085 763 3134 sed
801 3085 992 3147 factum
1037 3100 1151 3136 esse
1192 3091 1405 3149 poterat
1438 3085 1588 3133 etiam
1623 3091 1678 3134 ut
1713 3085 1972 3134 exciderit
2007 3076 2114 3147 τὴν
2149 3073 2376 3148 ὄρεξιν,

429 3146 539 3217 τὴν
573 3154 808 3215 πεῖναν,
858 3146 963 3204 τὸν
1009 3143 1194 3233 λιμόν.
1254 3149 1332 3219 τῷ
1373 3143 1486 3218 ἐμῷ
1531 3148 1704 3202 παιδὶ
1750 3142 2039 3216 βρώσιμόν
2080 3166 2135 3201 τι
2177 3167 2375 3214 παρα·

430 3211 688 3270 σκευάσω
722 3218 780 3268 Μ
941 3224 1004 3271 13
1041 3216 1294 3285 αργήσω]
1339 3219 1582 3281 „uerbum
1616 3217 1955 3269 obscoenum“
1991 3218 2375 3280 Boissonade3

430 3304 524 3353 29⁰
560 3290 875 3366 igniet-preter
922 3288 1124 3338 morari
1168 3293 1222 3335 ut
1268 3294 1346 3337 est
1389 3289 1443 3336 in
1478 3286 1535 3335 M
1571 3280 1771 3351 μήπως
1806 3277 2034 3352 γένοιτό
2067 3300 2138 3350 με
2183 3287 2374 3351 χρονί-

432 3371 526 3407 σαι
564 3353 677 3407 ωδε
853 3359 913 3405 14
952 3349 1080 3420 ἐάν]
1118 3355 1188 3417 cf.
1226 3357 1310 3412 75,
1361 3356 1426 3405 18
1591 3356 1653 3404 16
1698 3346 1990 3417 συντόμως
2027 3353 2201 3403 ABV:
2246 3370 2374 3404 cor--

431 3428 571 3474 rexit
606 3423 944 3473 Boissonade
1051 3425 1130 3475 17.
1168 3426 1234 3473 20
1269 3415 1498 3485 ὄρύζιον
1534 3422 1688 3472 BVM
1725 3414 1956 3486 ὁρύζιον
1990 3421 2052 3470 A.
2095 3421 2163 3482 ef.
2188 3423 2278 3483 30,
2311 3424 2370 3470 11

569 3492 630 3539 18
665 3482 877 3553 πολλὰ]
917 3491 1099 3541 ualde.
1134 3493 1201 3554 cf.
1243 3494 1325 3548 84.
1367 3493 1428 3541 19
1531 3492 1593 3539 21
1632 3481 1917 3555 ἕχόρτανα
1947 3490 2167 3553 scripsi:
2205 3479 2372 3554 ἐχόρ-

432 3573 577 3609 τασα
611 3559 756 3607 ABV
894 3557 1159 3617 πλείονος
1195 3549 1468 3625 ὀρέγομαι
1503 3557 1577 3606 Μ.
1616 3559 1685 3620 cf.
1721 3575 1770 3608 n.
1805 3560 1876 3607 ad
1908 3574 1960 3621 p.
1998 3558 2097 3607 165
2133 3558 2200 3610 Β.
