2563 4087
402 208 527 273 206
862 177 869 184 ³
1220 216 1502 287 Excerpta

401 346 536 411 ταξε
573 341 648 399 νά
685 339 881 419 ’ὑπαγὴ
918 343 1036 397 καὶ
1074 340 1341 406 ἐκεῖνος
1387 346 1537 413 μαζῆ
1576 344 1660 408 εἰς
1688 348 2043 415 συντροφίαν
2064 348 2170 400 τοῦ
2201 344 2362 402 vim?

400 440 527 484 του’
564 427 938 498 παγένωντας
977 423 1206 495 λοιπὸν,
1253 421 1390 491 ὅλος
1430 424 1461 483 ὃ
1503 424 1641 491 λαὸς
1675 423 1825 484 ὀποῦ
1862 424 2353 499 ἀκολουθοῦσαν,

1794 524 1868 587 δ’ἶι

396 593 538 667 ἦτον
575 591 792 666 ὄμπρὸς
822 605 831 663 Ι
862 602 946 662 34,
986 602 1053 651 14
1084 598 1186 654 τοῦ
1210 593 1446 663 ὁδεῖνος
1483 600 1532 667 β.
1574 604 1637 653 16
1672 595 1776 655 τὸν
1813 619 1843 653 ο
1875 602 1883 668 Ι
1914 605 1996 665 34,
2041 605 2101 653 17
2143 603 2269 655 καὶ
2316 597 2351 656 ὃ

398 676 536 745 λαός
570 676 719 736 ὀποῦ
742 699 813 750 με
839 674 1313 752 ἀκολουθοῦσαν,
1353 679 1577 753 έπῆγαν
1625 678 1868 753 ὁμπρὸς·
1904 685 2004 740 καὶ
2030 678 2135 752 ἐγὼ
2176 680 2354 740 ἔπει·

398 761 470 833 δὴ
512 760 809 833 ἔμοὶκρυνα
856 759 960 819 ἀπ’
1018 761 1307 837 έκεῖνους,
1363 770 1695 837 πλανοῦμαι
1750 763 1979 823 έδῶθεν
2028 768 2127 822 καὶ
2188 764 2356 824 ἐκεῖ·

395 854 533 905 θεν·
565 852 574 915 Ι
604 856 688 915 34,
725 855 788 904 26
825 849 924 904 καὶ
963 870 1037 904 να
1074 848 1144 906 σὲ
1181 844 1479 920 αναμεῖνω
1515 850 1621 915 ἕως
1656 852 1904 919 τέσσαρα
1949 855 2044 920 (ita
2086 859 2352 921 scriptum

398 954 435 988 α
470 945 524 987 ut
555 940 724 1002 possit
756 953 867 989 esee
894 937 967 1000 ει)
1003 936 1210 1004 μῆνες,
1249 933 1379 1004 ἔτζη
1416 943 1670 1005 γυναῖκα
1718 939 1727 1004 Ι
1775 941 1859 1002 35,
1901 942 1927 990 1
1973 941 2065 994 πλ.
2111 930 2342 1006 ὅμοσαι

395 1021 467 1086 (..
487 1020 603 1087 σε),
658 1038 747 1073 οτι
785 1014 859 1073 vo}
912 1015 1093 1087 έλθῆς
1129 1020 1230 1073 καὶ
1265 1014 1458 1088 ναμὴν
1492 1039 1562 1087 με
1598 1015 1841 1091 γελασης
1889 1024 1897 1088 Ι
1945 1026 2028 1088 35,
2065 1027 2127 1075 12
2167 1019 2351 1093 ἐγκα-

393 1102 707 1172 στρομένην
744 1101 1140 1172 35,18..ένη
1173 1105 1181 1171 Ι
1212 1110 1296 1170 35,
1336 1108 1399 1157 15
1435 1104 1523 1173 γε]
1572 1099 1679 1173 ἐγὼ
1711 1105 1721 1172 Ι
1751 1109 1833 1170 36,
1869 1110 1901 1157 2
1950 1104 2004 1159 εἰ
2038 1104 2105 1160 δὲ
2143 1101 2228 1169 ὦς
2269 1105 2343 1162 τὸ

393 1183 698 1257 έπροεῖπα,
737 1187 890 1242 θέλω
928 1183 1210 1254 φονεύσαι
1246 1189 1351 1242 τοῦ
1384 1188 1557 1256 λόγου
1594 1207 1705 1257 μου
1742 1192 1979 1257 ατίμου·
2018 1190 2118 1244 καὶ
2151 1189 2342 1245 θέλει

392 1267 782 1341 ἤστε(εἷσθ·αι,
791 1277 825 1327 ι’.
838 1292 882 1326 e.
899 1270 1079 1338 ἔσται)
1101 1267 1136 1341 ἡ
1159 1267 1394 1341 αφορμὴ
1416 1273 1514 1326 καὶ
1542 1267 1578 1340 ἡ
1604 1274 1766 1327 αιτία
1790 1274 1891 1341 τῆς
1910 1266 2197 1343 ἁμαρτίας
2220 1295 2349 1342 μου

395 1356 481 1419 εἰς
517 1350 619 1411 τὸν
659 1354 831 1424 λεμόν
868 1373 970 1411 σου
1012 1350 1294 1424 (λαιμόν)·-
1328 1352 1481 1411 διότι
1518 1357 1621 1411 δέν
1664 1376 1734 1425 με
1771 1354 2105 1427 έκδίκησαις
2135 1359 2144 1426 Ι
2174 1363 2273 1426 36,
2313 1366 2352 1414 8

390 1436 517 1495 τότε
542 1437 755 1494 πάλιν
791 1447 855 1494 10
879 1439 1096 1509 ταύτην
1121 1439 1229 1507 τὴν
1267 1434 1323 1495 ἆ.
1363 1442 1371 1508 Ι
1403 1448 1467 1496 10
1490 1436 1664 1495 παλιν
1695 1453 1816 1510 post
1842 1440 2069 1511 ἔρχεται
2108 1448 2170 1495 12
2209 1445 2220 1510 Ι
2255 1449 2350 1510 36,

392 1530 456 1578 14
491 1523 597 1579 δὲν
647 1521 852 1591 πρέπει
905 1519 1036 1579 τινὰ
1084 1526 1195 1578 τῶν
1241 1528 1292 1594 β.
1348 1517 1462 1595 (om.
1498 1522 1648 1579 κατὰ
1684 1523 1799 1595 σὲ),
1855 1521 2049 1589 ἅπλῶς
2102 1529 2209 1581 καὶ
2263 1548 2345 1591 ως

390 1606 580 1676 ἐῌτυχε
635 1627 709 1660 να
759 1602 953 1677 κᾶμνη
999 1610 1188 1677 κρίσιν
1240 1609 1341 1664 καὶ
1393 1605 1469 1665 να
1516 1605 1868 1678 ἆποφασίζει
1901 1608 2342 1677 ἄνεξετοὶστως·

390 1691 558 1761 χωρὶς
594 1688 668 1746 vo}
705 1687 986 1762 έρευνήση
1024 1695 1391 1757 καταλεπτῶς
1428 1689 1536 1764 τὴν
1569 1690 1861 1749 υπόθεσιν
1885 1696 1986 1749 καὶ
2023 1690 2175 1749 ὦσὰν
2219 1695 2341 1764 μα’-

386 1779 505 1846 θης
525 1771 631 1844 τὴν
669 1768 1028 1846 ἆλλήθειαν,
1066 1773 1196 1833 τότε
1232 1773 1415 1847 κάμνε
1433 1782 1626 1846 κρίσιν
1662 1780 1918 1837 δικαίαν.
1954 1773 2149 1848 ναμὴν
2186 1798 2342 1835 συν-

389 1859 491 1930 έβη
535 1861 636 1915 καὶ
688 1856 858 1931 πάθη
896 1854 1071 1928 ὅμοια
1105 1864 1308 1926 καθ’ὥς
1344 1858 1637 1934 έσυνέβ(η)
1684 1859 1844 1925 τινός
1881 1861 2148 1933 βασιλέος
2179 1884 2339 1933 προ·

386 1945 756 2016 γεννεστέρου
788 1947 796 2013 Ι
827 1952 909 2011 36,
949 1952 1012 2000 19
1048 1947 1149 2001 καὶ
1185 1943 1405 2008 ἐκεῖνος
1444 1945 1599 2016 λέγει
1630 1947 1639 2015 Ι
1669 1953 1751 2014 37,
1780 1953 1812 2001 5
1844 1948 2162 2017 βλέποντας
2197 1950 2333 2013 πῶς

386 2029 537 2087 εἷσαι
574 2026 702 2095 υἱὸς
732 2029 1043 2102 βασιλέως,
1100 2032 1200 2086 καὶ
1249 2030 1352 2086 δὲν
1389 2030 1568 2101 θέλης
1616 2033 1853 2103 δυνηθῆ
1903 2027 2126 2086 διοὶνοὶα
2177 2026 2336 2088 ἄπο·

385 2118 582 2183 κτίσῃς
620 2111 778 2169 υἱὸν·
827 2117 990 2170 διατὶ
1038 2114 1144 2171 «m
1181 2114 1332 2184 ἔχεις
1367 2111 1544 2190 μόρια
1593 2112 1710 2170 ἀπὸ
1758 2107 1823 2171 τὸ
1855 2113 2053 2186 ’πολὴν
2086 2111 2281 2187 πάχος
2322 2122 2331 2187 Ι

386 2206 470 2266 37,
510 2206 573 2254 10
609 2201 720 2269 χρ.]
763 2192 981 2269 ἅσπρον
1017 2211 1070 2253 ut
1107 2207 1190 2268 30,
1229 2205 1278 2266 9,
1315 2212 1365 2254 et
1398 2206 1473 2253 sic
1504 2206 1621 2267 fere
1669 2204 1849 2270 ubique
1880 2201 1890 2266 Ι
1920 2208 2001 2267 37,
2039 2207 2103 2255 21
2152 2205 2331 2272 σμίξη

1380 2287 1423 2320 π

383 2332 511 2404 μετ’
551 2330 763 2404 αὐτὴν·
799 2336 902 2389 καὶ
937 2333 1094 2389 θέλω
1128 2290 1461 2404 κερδέσιταξ
1498 2334 1784 2403 (κερδέσει
1817 2332 1882 2390 τὸ
1920 2329 2166 2403 ασπρον)
2197 2338 2206 2401 Ι
2239 2343 2330 2404 38,

383 2427 414 2474 3
453 2423 765 2488 αλοίμονον
801 2420 900 2474 καὶ
936 2423 1000 2474 τί
1029 2439 1104 2473 να
1141 2421 1313 2489 γένω·
1347 2422 1356 2488 Ι
1386 2425 1468 2487 38,
1496 2427 1527 2474 6
1563 2412 1599 2490 ἢ
1640 2416 1906 2488 ἆγάπησε
1929 2439 2035 2474 τον
2058 2421 2194 2474 νέον
2219 2422 2344 2495 καὶὴ

383 2499 588 2574 ἇφήνη
624 2521 719 2574 με·
752 2505 761 2572 Ι
792 2508 874 2570 38,
916 2510 978 2558 13
1027 2505 1128 2557 δια
1164 2524 1237 2559 να
1274 2523 1345 2573 με
1392 2500 1577 2574 δῶσης
1614 2520 1880 2559 τοιουτου
1916 2506 2164 2573 θηρίου·
2218 2507 2332 2560 καὶ

383 2589 483 2645 δέν
508 2609 579 2658 με
605 2582 834 2658 ἅφηκεν
870 2582 1009 2644 οὐδὲ
1034 2589 1221 2650 ποσῶς
1262 2608 1339 2642 να
1369 2588 1657 2659 κοιμηθῶ,
1711 2584 1950 2658 έτούτην
1974 2584 2084 2655 τὴν
2107 2586 2322 2643 νύκτα·

380 2675 479 2728 καὶ
497 2675 616 2736 πῶς
637 2671 741 2729 δὲν
763 2667 1046 2742 έντροῖπης
1064 2692 1139 2726 να
1157 2691 1227 2741 με
1249 2667 1459 2743 διόσης·
1491 2677 1499 2741 Ι
1531 2678 1614 2738 38,
1639 2680 1701 2728 18
1722 2670 2110 2740 ἀνεξετάστως
2146 2674 2157 2742 Ι
2184 2679 2272 2740 39,
2299 2681 2326 2727 1

380 2761 487 2826 μία
524 2763 774 2824 γυνκῐκα
812 2754 966 2825 εἶχεν
1004 2752 1211 2826 ἄνδρα,
1261 2757 1361 2811 καὶ
1396 2753 1692 2826 ἠθέλησεν
1729 2753 1759 2811 ὁ
1800 2753 2019 2826 ἄνδρας
2054 2777 2133 2811 να
2172 2752 2328 2812 ὑπά-

380 2860 468 2910 γει
507 2843 624 2908 Ι39,
666 2847 731 2895 10
764 2841 865 2894 καὶ
903 2834 1050 2911 αὐτὴ
1100 2839 1322 2907 έκίταζε
1368 2835 1567 2907 (έκτὶτ.)
1617 2836 1721 2896 τὸν
1758 2835 2001 2910 δρόμον,
2052 2834 2127 2895 ἄν
2166 2840 2330 2898 εἶναι

378 2925 480 2979 καὶ
518 2923 743 2994 ἔρχεται
781 2919 811 2979 ὃ
848 2917 1068 2995 ἄνδρας
1104 2940 1234 2995 της·
1291 2922 1419 2979 τότε
1467 2923 1601 2987 ἕνας
1636 2925 1764 2988 νέος
1812 2926 1821 2993 Ι
1868 2930 1952 2991 39,
1992 2931 2056 2980 15
2093 2921 2327 2998 ἐδέχθη

378 3004 511 3072 τούς
549 3007 753 3079 λόγους
789 3030 890 3079 της
924 3012 1049 3077 (scr.
1087 3013 1242 3077 του),
1293 3003 1662 3078 φυλάγοντας
1709 3008 1818 3079 τήν
1862 3005 2034 3078 τιμὴν
2071 3012 2177 3064 τοῦ
2215 3007 2324 3065 οἶν-

379 3089 514 3163 δρός
550 3114 652 3163 της
683 3097 692 3162 Ι
721 3100 804 3160 40,
841 3100 872 3148 2
926 3091 1264 3162 καταστήσω
1295 3096 1305 3162 Ι
1334 3100 1418 3159 40,
1440 3099 1475 3147 4
1508 3099 1630 3149 add.
1668 3094 1767 3149 καὶ
1799 3087 2052 3164 ἄκουσον
2088 3096 2151 3149 τί
2185 3094 2326 3149 Ena·

376 3199 512 3247 μενς
544 3181 554 3248 Ι
583 3185 666 3246 40,
702 3185 734 3234 5
769 3179 869 3234 καὶ
906 3173 1154 3246 ἐζύμωσέ
1191 3197 1255 3232 το
1301 3197 1372 3247 με
1408 3175 1470 3232 τὸ
1516 3173 1711 3247 νερόν·
1743 3180 1754 3246 Ι
1793 3184 1879 3245 40,
1917 3183 1950 3233 8
1995 3170 2148 3245 ὅμως
2200 3175 2326 3247 εἶχε

377 3265 477 3319 καὶ
512 3267 655 3334 μίαν
680 3259 860 3318 σκύλα
895 3257 931 3330 ἡ
954 3269 1156 3332 γραῖα,
1195 3263 1296 3317 καὶ
1318 3256 1425 3332 τὴν
1461 3259 1691 3330 ἔποίρεν
1716 3265 1753 3329 (.
1775 3306 1789 3320 .
1810 3264 1848 3331 ἦ
1867 3301 1881 3316 .
1900 3265 1936 3329 .)
1973 3279 2043 3330 με
2081 3263 2187 3316 τοῦ
2224 3260 2321 3316 λό-

375 3369 478 3419 γου
515 3369 631 3418 της.
671 3348 769 3401 καὶ
800 3342 959 3401 οὖσάν
998 3344 1264 3414 ἔφθασεν
1293 3349 1302 3415 Ι
1332 3353 1415 3413 41,
1452 3353 1483 3401 6
1519 3346 1619 3400 καὶ
1654 3339 1795 3414 παρ’
1836 3343 2018 3408 εὐθὺς
2044 3336 2149 3399 ὦοι
2186 3366 2322 3415 μαι,

375 3428 618 3501 ἕγύνηκε
657 3434 694 3499 (.
718 3474 730 3489 .
752 3435 804 3485 ι’.
825 3433 866 3499 .)
905 3424 1088 3485 σκύλα
1124 3425 1197 3494 ὥς
1245 3431 1474 3501 βλέπεις
1504 3438 1513 3498 Ι
1542 3438 1625 3495 41,
1647 3437 1679 3486 8
1698 3433 1889 3485 κλαίει
1920 3433 1929 3498 Ι
1957 3436 2041 3497 42,
2060 3435 2092 3483 2
2112 3425 2326 3486 λοιπὸν

272 3546 283 3557 ι
379 3510 647 3581 έσυκώθη
671 3517 975 3581 (ιι.1).10,1)
998 3515 1097 3569 καὶ
1118 3511 1405 3570 έστόλισαι
1427 3519 1468 3582 (.’
1487 3555 1501 3570 .
1521 3518 1611 3584 σε)
1634 3511 1696 3570 τὸ
1718 3510 2014 3585 κρεββοὶτι·
2041 3514 2141 3568 καὶ
2163 3509 2326 3570 έστό·
