2563 4087
389 252 516 316 262
1207 254 1451 318 Aesopus
1486 253 1514 302 I

391 411 700 499 γλώσσας
742 414 1041 498 ἐπρίατο,
1078 412 1194 479 καὶ
1235 411 1612 498 ἑτοιμάσας,
1649 409 2076 481 άνακλιθεῖσι
2116 414 2346 500 παρέ-

390 525 621 601 θηκεν.
696 520 769 581 οἳ
799 510 875 580 δὲ
910 511 1082 600 πρὸς
1117 510 1454 599 ἀλλήλους
1489 511 1945 600 ὑπεφώνουν·
2002 521 2346 601 ,,χοίρειαι
2399 529 2426 540 ·

394 615 599 683 πάλιν
659 612 1020 700 γλῶτταιςζς
1083 615 1196 682 καὶ
1245 614 1409 699 μετὰ
1469 612 1711 703 μικρὸν
1771 607 1974 694 αὖθις
2023 615 2342 700 γλώττας

394 717 735 803 παρέθηκε
781 716 895 783 καὶ
942 715 1122 802 μάλα
1170 706 1375 794 αὖθις
1422 717 1535 784 καὶ
1588 707 1810 795 αὖθις.
1882 720 2006 784 τοῦ
2043 716 2340 794 Ξάνθου

343 845 369 886 5
395 815 472 885 δὲ
490 817 1199 903 δυσανασχετήσαντος
1226 817 1340 883 καὶ
1372 824 1491 903 ,,τί
1511 819 1738 904 τοῦτο,
1757 817 2340 904 Αἰ’σωπε“;,ει’ρη’-

394 918 615 1004 κότος,
665 917 802 1004 »μὴ
855 917 1057 986 πάλιν
1097 917 1523 1005 ἐνετειλάμην
1562 940 1665 987 σοι
1701 920 1840 986 πᾶν
1867 915 1906 985 ὅ
1940 945 2003 986 τι
2038 920 2341 1006 χρηστό-

393 1018 598 1087 τατόν
655 1044 726 1087 τε
782 1021 894 1087 καὶ
956 1021 1302 1107 βέλτιστον
1351 1016 1733 1107 ὀψωνῆσαι;
1785 1017 1954 1105 οὐχὶ·
1991 1022 2132 1088 πᾶν
2181 1017 2217 1087 ὅ
2268 1045 2339 1086 τι

395 1120 829 1208 φαυλότατόν
883 1147 954 1188 τε
1000 1122 1111 1188 καὶ
1162 1120 1573 1210 χείριστονίίς
1625 1117 1660 1188 ὃ
1709 1123 1813 1189 δέ·
1867 1122 2031 1207 „nal
2068 1128 2138 1190 τί
2170 1145 2340 1189 ποτε

396 1238 624 1311 χεῖρον
651 1224 771 1308 τῆς
798 1220 1124 1309 γλώττης,
1163 1213 1214 1290 ὦ
1242 1224 1571 1305 &worm
1611 1220 1694 1290 οὐ
1731 1222 1957 1300 πόλεις
1994 1220 2083 1289 δι’
2115 1221 2337 1307 αὐτῆς

319 1350 370 1390 10
395 1331 968 1406 καταπίπτουσινς
1017 1322 1144 1392 οὐκ
1180 1321 1533 1409 ἅνθρωποι
1568 1322 1659 1392 δι’
1710 1322 1919 1409 αὐτῆς
1956 1322 2336 1411 ἀναιροῦν-

395 1452 536 1509 ται;
587 1423 669 1493 οὐ
709 1425 926 1512 ψεύδη
966 1425 1187 1493 πάντα
1234 1425 1349 1492 καὶ
1385 1432 1808 1512 βλασφημίαι
1844 1426 1959 1494 καὶ
1999 1427 2338 1513 ἐπιορκίαι

399 1526 508 1594 διὰ
537 1526 790 1612 ταῦτης
818 1534 1288 1614 περαίνονται;
1327 1525 1408 1594 οὐ
1440 1526 1644 1613 γάμοι
1669 1527 1783 1593 καὶ
1811 1524 2012 1613 άρχαὶ
2049 1528 2164 1595 καὶ
2202 1534 2337 1613 βα-

193 1664 238 1706 p.
254 1653 360 1694 48b.
400 1636 638 1696 σιλεῖαι
673 1624 762 1693 δι’
815 1625 1026 1713 αὐτῆς
1074 1628 1599 1714 άνατρέπονταις
1653 1626 1778 1714 οὐχ
1826 1625 1919 1706 ώς
1959 1628 2338 1712 κεφάλαιον

399 1735 642 1813 εἰπεῖν,
693 1725 728 1796 ὁ
764 1734 914 1813 βίος
950 1726 1037 1795 δι’
1078 1725 1293 1816 αὐτῆς
1329 1725 1506 1808 ἅπας
1539 1737 1809 1817 μυρίων
1845 1729 2338 1816 πλημμελημά-

326 1856 376 1896 15
403 1857 540 1897 των
576 1828 854 1916 γε’μει;“
906 1832 1119 1899 ταῦτα
1157 1835 1285 1899 τοῦ
1322 1830 1653 1899 Αἰσώπου
1690 1831 2027 1917 φαμένου,
2060 1834 2202 1899 τῶν
2236 1857 2337 1909 τις

401 1933 990 2018 συνανακειμένων
1041 1936 1135 2024 τῷ
1185 1932 1439 2023 Ξάνθῳ
1489 1940 1731 2019 φησίν·
1800 1921 2199 2018 „05109258
2242 1931 2337 2017 μὴ

401 2034 587 2103 πάνυ
625 2032 915 2102 σεαυτὸν
951 2032 1326 2124 άσφαλίσῃ,
1373 2031 1500 2103 οὐκ
1537 2029 1623 2102 ἂν
1659 2031 1910 2121 ἄπορος
1947 2042 2048 2121 εἴη
2084 2040 2336 2121 μανίας

400 2135 672 2225 ἀφορμή
719 2149 823 2202 σοι
868 2144 1197 2222 γίνεσθαι.
1272 2142 1384 2205 οἵα
1419 2135 1550 2224 γὰρ
1593 2135 1636 2221 ἡ
1670 2135 1922 2223 μορφή,
1958 2134 2184 2216 τοιάδε
2218 2137 2336 2203 καὶ

400 2236 442 2324 ἡ
493 2234 758 2323 ψυχή“.
844 2240 956 2305 καὶ
1022 2236 1058 2305 ὁ
1113 2249 1434 2318 Αἴσωπος
1494 2236 1665 2325 πρὸς
1715 2235 1958 2305 αὐτόν·
2025 2235 2179 2322 ,,συ’
2225 2262 2334 2323 μοι

539 2421 829 2498 Ιγλώσας
856 2435 900 2483 E
1014 2424 1429 2485 ἆνακλινθεῖσι
1464 2435 1504 2483 Ζ
1530 2435 1582 2484 Κ
1605 2450 1640 2483 v
1676 2423 2066 2497 άνακληθεῖσι
2103 2431 2154 2481 Β
2177 2432 2222 2481 P

399 2491 532 2565 παρ’
573 2496 666 2551 ἐθ.
704 2500 744 2550 Ζ
885 2504 915 2551 2
953 2492 1295 2578 ἐπεφώνουν
1332 2502 1378 2550 V
1516 2500 1729 2567 χοίριαι
1764 2500 1813 2550 Β
1837 2499 1958 2549 ΕΗ
2095 2502 2128 2549 3
2163 2496 2338 2577 yma-

401 2583 498 2618 σαι
535 2568 581 2617 Ε
606 2569 661 2618 Η
685 2569 724 2617 Ζ
749 2570 801 2620 Κ
824 2585 859 2620 v
985 2563 1336 2634 μεταμικρόν
1372 2569 1430 2617 Μ
1550 2564 1649 2619 καὶ
1686 2560 1837 2619 κατὰ
1873 2585 1930 2631 μ.
1967 2558 2191 2628 αυτοῖς,
2231 2553 2338 2617 αὖ·

398 2638 503 2695 θις
543 2635 590 2686 Φ
735 2641 768 2688 4
801 2634 1139 2702 παρέθηκεν
1175 2637 1223 2686 Β
1371 2634 1470 2686 καὶ
1508 2624 1690 2694 αὖθις
1725 2652 1819 2686 om.
1856 2635 1903 2685 Φ
2053 2636 2085 2685 5
2126 2632 2271 2700 δυσχ
2275 2650 2341 2684 α-

401 2718 563 2769 νασχ.
599 2704 659 2752 Μ
771 2704 909 2767 αἴσ.;
950 2700 1076 2770 εἰρ.]
1117 2699 1383 2764 εἰπόντος
1420 2702 1637 2755 αἴσωπε
1674 2702 1719 2764 Q
1843 2706 1874 2753 6
1912 2651 2271 2786 ἐνετιλάμην
2293 2703 2338 2752 Ρ

573 2774 602 2823 7
641 2765 791 2848 βέλτ.
833 2770 930 2823 καὶ
969 2786 1161 2838 χρηστ.
1202 2771 1324 2835 (om.
1354 2789 1410 2837 p.
1450 2771 1539 2833 τε)
1578 2771 1625 2822 Φ
1799 2763 2091 2834 ὄψωνίσαι
2128 2769 2176 2831 Q

397 2840 433 2889 8
480 2830 851 2917 φαυλότατόν
896 2838 963 2890 δε
1010 2838 1112 2904 (uel
1157 2838 1246 2902 τε)
1295 2837 1393 2890 καὶ
1437 2839 1477 2887 Ζ
1646 2846 1764 2903 post
1801 2836 2082 2903 χείριστον
2120 2836 2171 2886 Β
2213 2838 2341 2888 add.

399 2896 704 2972 ὀψωνῆσαι
875 2904 974 2958 καὶ
1019 2906 1216 2957 τίποτε
1258 2910 1517 2986 suppleuit
1559 2909 1612 2956 in
1651 2908 1885 2983 margine
1911 2904 1959 2954 A
1992 2921 2061 2957 m.
2087 2920 2191 2969 pr„
2237 2903 2341 2953 A2

398 2969 470 3025 δὲ
508 2980 560 3023 et
593 2973 881 3038 χείριστον
1017 2977 1048 3025 9
1085 2973 1300 3041 χειρον]
1339 2987 1606 3053 χυριστον
1640 2973 1685 3023 P
1804 2964 1972 3031 πόλις
2007 2972 2052 3021 Ρ
2177 2964 2249 3022 οὐ
2275 2998 2337 3007 -

402 3032 578 3104 ἅνθρ.
617 3041 662 3089 Β
785 3044 848 3091 12
883 3038 1225 3105 περένονται
1260 3042 1306 3091 Ρ
1422 3032 1492 3092 οὗ
1527 3036 1701 3107 γάμοι
1714 3076 1897 3092 ......
1907 3032 2340 3121 ἀνατρέπονται

397 3124 496 3160 om
535 3108 580 3169 Q
739 3125 856 3175 γαμ
860 3107 915 3160 οὶ
952 3110 1018 3189 R,
1041 3108 1092 3157 D
1127 3112 1223 3160 sed
1255 3114 1306 3159 in
1343 3110 1392 3159 D
1428 3117 1669 3159 accentus
1703 3110 1926 3159 extritus
2093 3109 2157 3157 13
2196 3100 2341 3156 ἀνα·

402 3173 732 3257 τρέπωνται
753 3176 798 3226 Ρ
940 3167 1058 3242 οὐχ’
1099 3171 1176 3236 ὥς
1210 3177 1269 3226 Μ
1294 3177 1339 3238 Q
1377 3191 1536 3241 saepe
1691 3178 1756 3226 14
1790 3168 1821 3226 5
1860 3171 2011 3253 βίος
2018 3189 2113 3234 om.
2154 3174 2203 3225 Φ

398 3260 556 3303 απας
592 3236 623 3295 5
661 3235 874 3309 κόσμος
909 3260 967 3310 μ
1007 3245 1055 3295 Φ
1159 3259 1340 3295 uersus
1379 3245 1541 3307 fuerit
1587 3236 1624 3298 ὁ
1658 3241 1784 3309 βίος
1820 3232 1893 3293 δι’
1936 3231 2117 3321 αὐτῆς
2152 3242 2341 3322 πλημ-

393 3303 742 3379 μελημάτων
777 3307 941 3397 γέμει
1105 3315 1168 3364 15
1203 3310 1318 3361 τῶν
1355 3328 1444 3370 τις
1481 3309 1592 3362 τῶν
1629 3324 1680 3363 σ.
1717 3310 1764 3359 E
1928 3309 1992 3359 16
2025 3299 2341 3374 ἀνακειμέ-

401 3397 516 3432 νων
554 3381 602 3430 Β
762 3377 930 3446 φησὶ·
971 3381 1016 3429 Ε
1177 3381 1239 3429 17
1277 3393 1339 3430 σε
1377 3371 1558 3430 αυτὸν
1595 3378 1640 3427 Ρ
1663 3379 1713 3429 D
1755 3377 1826 3442 (D
1852 3379 1884 3426 2
1922 3378 2116 3426 extrito
2152 3378 2340 3441 spiritu

400 3449 647 3499 uocabula
682 3445 973 3527 coniunxit)
1011 3461 1073 3497 σε
1109 3438 1292 3497 αυτὸν
1329 3446 1373 3508 Q
1414 3438 1631 3497 σαυτὸν
1667 3445 1715 3495 A
1751 3435 1996 3496 σεαυτὸν
2031 3443 2072 3492 Ζ
2105 3445 2202 3494 sed
2238 3458 2340 3494 σεα

403 3531 474 3563 ex
508 3531 645 3566 corr.
789 3518 852 3566 18
889 3507 1123 3580 άφορμῆ
1162 3513 1230 3577 Ε,
1269 3515 1323 3563 Η
1360 3530 1432 3563 em
1465 3530 1604 3565 corr.
1643 3528 1713 3564 m.
1752 3529 1831 3578 pr.
1953 3508 2228 3573 γίνεσθαι
2264 3511 2337 3562 V:

395 3552 1421 3643 ·ysvs.'o'&octMQDR<DEHKZv
1561 3575 1961 3633 oIoeVPEH
