<?xml version="1.0" encoding="UTF-8"?>
<!DOCTYPE html PUBLIC "-//W3C//DTD XHTML 1.0 Transitional//EN"
    "http://www.w3.org/TR/xhtml1/DTD/xhtml1-transitional.dtd">
<html xmlns="http://www.w3.org/1999/xhtml" xml:lang="en" lang="en">
 <head>
  <title>
</title>
<meta http-equiv="Content-Type" content="text/html;charset=utf-8" />
  <meta name='ocr-system' content='tesseract 3.04.00' />
  <meta name='ocr-capabilities' content='ocr_page ocr_carea ocr_par ocr_line ocrx_word'/>
</head>
<body>
  <div class='ocr_page' id='page_1' title='image "./fabulaeromanens00aphtgoog_0154.png"; bbox 0 0 2563 4087; ppageno 0'>
   <div class='ocr_carea' id='block_1_1' title="bbox 2013 10 2476 37">
    <p class='ocr_par' dir='ltr' id='par_1_1' title="bbox 2013 10 2476 37">
     <span class='ocr_line' id='line_1_1' title="bbox 2013 10 2476 37; baseline 0 -4"><span class='ocrx_word' id='word_1_1' title='bbox 2013 24 2024 33; x_wconf 71' lang='lat' dir='ltr'><em>a</em></span> <span class='ocrx_word' id='word_1_2' title='bbox 2075 10 2198 23; x_wconf 28' lang='lat' dir='ltr'><strong><em>m-:A</em></strong></span> <span class='ocrx_word' id='word_1_3' title='bbox 2467 26 2476 37; x_wconf 76' lang='grc' dir='ltr'>Ι</span> 
     </span>
    </p>
   </div>
   <div class='ocr_carea' id='block_1_2' title="bbox 450 269 570 334">
    <p class='ocr_par' dir='ltr' id='par_1_2' title="bbox 450 269 570 334">
     <span class='ocr_line' id='line_1_2' title="bbox 450 269 570 334; baseline 0.008 -2"><span class='ocrx_word' id='word_1_4' title='bbox 450 269 570 334; x_wconf 81' lang='lat'><strong><em>138</em></strong></span> 
     </span>
    </p>
   </div>
   <div class='ocr_carea' id='block_1_3' title="bbox 298 409 2387 3046">
    <p class='ocr_par' dir='ltr' id='par_1_3' title="bbox 445 409 2380 537">
     <span class='ocr_line' id='line_1_3' title="bbox 445 409 2380 537; baseline -0.001 -56"><span class='ocrx_word' id='word_1_5' title='bbox 445 412 570 500; x_wconf 85' lang='grc' dir='ltr'><strong><em>τὴν</em></strong></span> <span class='ocrx_word' id='word_1_6' title='bbox 606 417 908 498; x_wconf 78' lang='grc' dir='ltr'><strong><em>σπυρίδα</em></strong></span> <span class='ocrx_word' id='word_1_7' title='bbox 957 410 1088 501; x_wconf 83' lang='grc' dir='ltr'><strong><em>πρὸ</em></strong></span> <span class='ocrx_word' id='word_1_8' title='bbox 1136 414 1277 480; x_wconf 80' lang='grc' dir='ltr'><strong><em>τῶν</em></strong></span> <span class='ocrx_word' id='word_1_9' title='bbox 1324 414 1446 479; x_wconf 86' lang='grc' dir='ltr'><strong><em>τοῦ</em></strong></span> <span class='ocrx_word' id='word_1_10' title='bbox 1497 410 1749 498; x_wconf 80' lang='grc' dir='ltr'><strong><em>ἀνδρὸς</em></strong></span> <span class='ocrx_word' id='word_1_11' title='bbox 1798 409 2008 537; x_wconf 75' lang='grc' dir='ltr'><strong><em>αὐτῆς</em></strong></span> <span class='ocrx_word' id='word_1_12' title='bbox 2044 409 2380 481; x_wconf 81' lang='grc' dir='ltr'><strong><em>άποθεῖσα</em></strong></span> 
     </span>
    </p>

    <p class='ocr_par' dir='ltr' id='par_1_4' title="bbox 298 510 2385 2637">
     <span class='ocr_line' id='line_1_4' title="bbox 384 510 2384 603; baseline 0.003 -21"><span class='ocrx_word' id='word_1_13' title='bbox 384 540 393 545; x_wconf 68' lang='grc'><strong>’</strong></span> <span class='ocrx_word' id='word_1_14' title='bbox 446 513 767 603; x_wconf 75' lang='grc' dir='ltr'><em>ὀμμάτων</em></span> <span class='ocrx_word' id='word_1_15' title='bbox 802 514 1025 601; x_wconf 84' lang='grc' dir='ltr'><em>διέστη</em></span> <span class='ocrx_word' id='word_1_16' title='bbox 1061 513 1304 602; x_wconf 85' lang='grc' dir='ltr'><strong><em>βραχύ.</em></strong></span> <span class='ocrx_word' id='word_1_17' title='bbox 1361 510 1398 581; x_wconf 88' lang='grc' dir='ltr'><strong><em>ὁ</em></strong></span> <span class='ocrx_word' id='word_1_18' title='bbox 1427 510 1490 581; x_wconf 90' lang='grc' dir='ltr'><strong><em>δ’</em></strong></span> <span class='ocrx_word' id='word_1_19' title='bbox 1523 510 1718 602; x_wconf 79' lang='grc' dir='ltr'><strong><em>ἀνὴρ</em></strong></span> <span class='ocrx_word' id='word_1_20' title='bbox 1733 511 1945 601; x_wconf 81' lang='grc' dir='ltr'><strong><em>αὐτῆς</em></strong></span> <span class='ocrx_word' id='word_1_21' title='bbox 1984 514 2384 587; x_wconf 79' lang='grc' dir='ltr'><strong><em>ἐκκαλύπτει</em></strong></span> 
     </span>
     <span class='ocr_line' id='line_1_5' title="bbox 445 611 2382 705; baseline 0 -21"><span class='ocrx_word' id='word_1_22' title='bbox 445 617 560 684; x_wconf 89' lang='grc' dir='ltr'><strong><em>καὶ</em></strong></span> <span class='ocrx_word' id='word_1_23' title='bbox 599 612 725 705; x_wconf 78' lang='grc' dir='ltr'><strong><em>ὁρᾷ</em></strong></span> <span class='ocrx_word' id='word_1_24' title='bbox 762 614 1051 703; x_wconf 77' lang='grc' dir='ltr'><strong><em>μηδὲν“</em></strong></span> <span class='ocrx_word' id='word_1_25' title='bbox 1011 641 1240 704; x_wconf 89' lang='grc' dir='ltr'><strong><em>ετερον</em></strong></span> <span class='ocrx_word' id='word_1_26' title='bbox 1280 621 1570 701; x_wconf 81' lang='grc' dir='ltr'><strong><em>ἔχουσαν</em></strong></span> <span class='ocrx_word' id='word_1_27' title='bbox 1597 614 1723 702; x_wconf 84' lang='grc' dir='ltr'><strong><em>τὴν</em></strong></span> <span class='ocrx_word' id='word_1_28' title='bbox 1760 611 2133 703; x_wconf 75' lang='grc' dir='ltr'><strong><em>σπυρίδα”</em></strong></span> <span class='ocrx_word' id='word_1_29' title='bbox 2096 643 2138 703; x_wconf 91' lang='grc' dir='ltr'><strong><em>η</em></strong></span> <span class='ocrx_word' id='word_1_30' title='bbox 2172 616 2382 704; x_wconf 87' lang='grc' dir='ltr'><strong><em>μόνον</em></strong></span> 
     </span>
     <span class='ocr_line' id='line_1_6' title="bbox 298 715 2381 805; baseline -0.001 -18"><span class='ocrx_word' id='word_1_31' title='bbox 298 761 338 799; x_wconf 76' lang='lat' dir='ltr'><strong><em>p.</em></strong></span> <span class='ocrx_word' id='word_1_32' title='bbox 370 748 420 787; x_wconf 78' lang='lat'><strong><em>62</em></strong></span> <span class='ocrx_word' id='word_1_33' title='bbox 446 719 523 786; x_wconf 86' lang='grc' dir='ltr'><strong><em>τὸ</em></strong></span> <span class='ocrx_word' id='word_1_34' title='bbox 557 724 968 804; x_wconf 80' lang='grc' dir='ltr'><strong><em>μελίπηκτον</em></strong></span> <span class='ocrx_word' id='word_1_35' title='bbox 1007 721 1287 804; x_wconf 82' lang='grc' dir='ltr'><strong><em>ἔδεσμα,</em></strong></span> <span class='ocrx_word' id='word_1_36' title='bbox 1322 716 1398 784; x_wconf 81' lang='grc' dir='ltr'><strong><em>τὸ</em></strong></span> <span class='ocrx_word' id='word_1_37' title='bbox 1435 715 1560 804; x_wconf 79' lang='grc' dir='ltr'><strong><em>τὴν</em></strong></span> <span class='ocrx_word' id='word_1_38' title='bbox 1594 716 1866 805; x_wconf 84' lang='grc' dir='ltr'><strong><em>μορφὴν</em></strong></span> <span class='ocrx_word' id='word_1_39' title='bbox 1897 723 2052 804; x_wconf 81' lang='grc' dir='ltr'><strong><em>ἔχον</em></strong></span> <span class='ocrx_word' id='word_1_40' title='bbox 2076 720 2202 787; x_wconf 86' lang='grc' dir='ltr'><strong><em>τοῦ</em></strong></span> <span class='ocrx_word' id='word_1_41' title='bbox 2239 719 2381 787; x_wconf 79' lang='grc' dir='ltr'><strong><em>ἐλέ-</em></strong></span> 
     </span>
     <span class='ocr_line' id='line_1_7' title="bbox 393 816 2385 908; baseline 0.001 -21"><span class='ocrx_word' id='word_1_42' title='bbox 393 849 418 887; x_wconf 85' lang='lat'>5</span> <span class='ocrx_word' id='word_1_43' title='bbox 447 844 720 906; x_wconf 89' lang='grc' dir='ltr'><strong><em>φαντος.</em></strong></span> <span class='ocrx_word' id='word_1_44' title='bbox 791 816 955 908; x_wconf 80' lang='grc' dir='ltr'><strong><em>ὅπερ</em></strong></span> <span class='ocrx_word' id='word_1_45' title='bbox 996 818 1203 905; x_wconf 72' lang='grc' dir='ltr'><strong><em>ἰδών,</em></strong></span> <span class='ocrx_word' id='word_1_46' title='bbox 1243 826 1365 905; x_wconf 71' lang='lat' dir='ltr'><strong><em>„vc</em></strong></span> <span class='ocrx_word' id='word_1_47' title='bbox 1404 820 1631 904; x_wconf 74' lang='grc' dir='ltr'><strong><em>τοῦτο,</em></strong></span> <span class='ocrx_word' id='word_1_48' title='bbox 1680 818 1888 905; x_wconf 83' lang='grc' dir='ltr'><strong><em>γύναι</em></strong></span> <span class='ocrx_word' id='word_1_49' title='bbox 1906 818 1972 900; x_wconf 83' lang='lat'><strong><em>;“</em></strong></span> <span class='ocrx_word' id='word_1_50' title='bbox 2044 819 2220 906; x_wconf 83' lang='grc' dir='ltr'><strong><em>πρὸς</em></strong></span> <span class='ocrx_word' id='word_1_51' title='bbox 2266 820 2385 905; x_wconf 78' lang='grc' dir='ltr'><strong><em>τὴν</em></strong></span> 
     </span>
     <span class='ocr_line' id='line_1_8' title="bbox 445 916 2376 1012; baseline -0.001 -23"><span class='ocrx_word' id='word_1_52' title='bbox 445 920 740 1006; x_wconf 82' lang='grc' dir='ltr'><strong><em>σύζυγον</em></strong></span> <span class='ocrx_word' id='word_1_53' title='bbox 781 924 1045 1008; x_wconf 80' lang='grc' dir='ltr'><strong><em>ἔφησεν.</em></strong></span> <span class='ocrx_word' id='word_1_54' title='bbox 1100 916 1142 1007; x_wconf 74' lang='grc' dir='ltr'>ἢ</span> <span class='ocrx_word' id='word_1_55' title='bbox 1179 919 1257 988; x_wconf 72' lang='grc' dir='ltr'><strong><em>δὲ</em></strong></span> <span class='ocrx_word' id='word_1_56' title='bbox 1290 920 1411 999; x_wconf 77' lang='grc' dir='ltr'><strong><em>τὰς</em></strong></span> <span class='ocrx_word' id='word_1_57' title='bbox 1448 916 1634 999; x_wconf 80' lang='grc' dir='ltr'><strong><em>ὄψεις</em></strong></span> <span class='ocrx_word' id='word_1_58' title='bbox 1660 923 1756 1012; x_wconf 77' lang='grc' dir='ltr'><strong><em>τῷ</em></strong></span> <span class='ocrx_word' id='word_1_59' title='bbox 1787 919 2117 1012; x_wconf 77' lang='grc' dir='ltr'><strong><em>ὁρωμένῳ</em></strong></span> <span class='ocrx_word' id='word_1_60' title='bbox 2148 924 2376 1010; x_wconf 81' lang='grc' dir='ltr'><strong><em>ἐπιβα-</em></strong></span> 
     </span>
     <span class='ocr_line' id='line_1_9' title="bbox 444 1020 2384 1113; baseline -0.001 -22"><span class='ocrx_word' id='word_1_61' title='bbox 444 1028 686 1110; x_wconf 84' lang='grc' dir='ltr'><strong><em>λοῦσα,</em></strong></span> <span class='ocrx_word' id='word_1_62' title='bbox 722 1020 941 1102; x_wconf 72' lang='grc' dir='ltr'><strong><em>εὐθύς</em></strong></span> <span class='ocrx_word' id='word_1_63' title='bbox 988 1022 1064 1091; x_wconf 87' lang='grc' dir='ltr'><strong><em>τὸ</em></strong></span> <span class='ocrx_word' id='word_1_64' title='bbox 1101 1020 1278 1110; x_wconf 77' lang='grc' dir='ltr'><strong><em>αὐτῇ</em></strong></span> <span class='ocrx_word' id='word_1_65' title='bbox 1331 1022 1756 1110; x_wconf 83' lang='grc' dir='ltr'><strong><em>συμβεβηκὸς</em></strong></span> <span class='ocrx_word' id='word_1_66' title='bbox 1802 1027 2026 1111; x_wconf 82' lang='grc' dir='ltr'><strong><em>δρᾶμα</em></strong></span> <span class='ocrx_word' id='word_1_67' title='bbox 2062 1023 2384 1113; x_wconf 78' lang='grc' dir='ltr'><strong><em>κρύπτειν</em></strong></span> 
     </span>
     <span class='ocr_line' id='line_1_10' title="bbox 447 1121 2379 1214; baseline 0 -21"><span class='ocrx_word' id='word_1_68' title='bbox 447 1128 909 1213; x_wconf 81' lang='grc' dir='ltr'><strong><em>έκμηχανᾶται.</em></strong></span> <span class='ocrx_word' id='word_1_69' title='bbox 976 1131 1099 1193; x_wconf 89' lang='grc' dir='ltr'><strong><em>καί</em></strong></span> <span class='ocrx_word' id='word_1_70' title='bbox 1129 1142 1293 1212; x_wconf 88' lang='grc' dir='ltr'><strong><em>φησι</em></strong></span> <span class='ocrx_word' id='word_1_71' title='bbox 1328 1123 1499 1214; x_wconf 87' lang='grc' dir='ltr'><strong><em>πρὸς</em></strong></span> <span class='ocrx_word' id='word_1_72' title='bbox 1546 1123 1668 1192; x_wconf 85' lang='grc' dir='ltr'><strong><em>τὸν</em></strong></span> <span class='ocrx_word' id='word_1_73' title='bbox 1703 1121 1954 1211; x_wconf 71' lang='grc' dir='ltr'><strong><em>ἄνδρα·</em></strong></span> <span class='ocrx_word' id='word_1_74' title='bbox 1993 1125 2265 1213; x_wconf 77' lang='grc' dir='ltr'><strong><em>,,ταυ’τῃ</em></strong></span> <span class='ocrx_word' id='word_1_75' title='bbox 2301 1129 2379 1213; x_wconf 85' lang='grc' dir='ltr'><strong><em>τῇ</em></strong></span> 
     </span>
     <span class='ocr_line' id='line_1_11' title="bbox 443 1222 2379 1314; baseline -0.001 -20"><span class='ocrx_word' id='word_1_76' title='bbox 443 1232 680 1313; x_wconf 86' lang='grc' dir='ltr'><strong><em>νυκτί,</em></strong></span> <span class='ocrx_word' id='word_1_77' title='bbox 737 1226 1211 1314; x_wconf 79' lang='grc' dir='ltr'><strong><em>καθευδούσης</em></strong></span> <span class='ocrx_word' id='word_1_78' title='bbox 1271 1253 1406 1314; x_wconf 91' lang='grc' dir='ltr'><strong><em>μου</em></strong></span> <span class='ocrx_word' id='word_1_79' title='bbox 1427 1279 1446 1313; x_wconf 87' lang='grc'>,</span> <span class='ocrx_word' id='word_1_80' title='bbox 1507 1222 1676 1314; x_wconf 83' lang='grc' dir='ltr'><strong><em>’ὄναρ</em></strong></span> <span class='ocrx_word' id='word_1_81' title='bbox 1739 1225 1957 1314; x_wconf 78' lang='grc' dir='ltr'><strong><em>ἐφάνη</em></strong></span> <span class='ocrx_word' id='word_1_82' title='bbox 2010 1252 2124 1312; x_wconf 92' lang='grc' dir='ltr'><strong><em>μοι</em></strong></span> <span class='ocrx_word' id='word_1_83' title='bbox 2170 1227 2379 1307; x_wconf 82' lang='grc' dir='ltr'><strong><em>ξένον.</em></strong></span> 
     </span>
     <span class='ocr_line' id='line_1_12' title="bbox 368 1324 2380 1416; baseline 0 -20"><span class='ocrx_word' id='word_1_84' title='bbox 368 1358 416 1396; x_wconf 91' lang='lat'><strong><em>10</em></strong></span> <span class='ocrx_word' id='word_1_85' title='bbox 448 1330 643 1409; x_wconf 80' lang='grc' dir='ltr'><strong><em>ἔδοξα</em></strong></span> <span class='ocrx_word' id='word_1_86' title='bbox 701 1328 832 1416; x_wconf 76' lang='grc' dir='ltr'><strong><em>γὰρ</em></strong></span> <span class='ocrx_word' id='word_1_87' title='bbox 895 1329 1210 1414; x_wconf 88' lang='grc' dir='ltr'><strong><em>ε’λέφαντι</em></strong></span> <span class='ocrx_word' id='word_1_88' title='bbox 1263 1330 1654 1414; x_wconf 78' lang='grc' dir='ltr'><strong><em>ἐποχεῖσθαι</em></strong></span> <span class='ocrx_word' id='word_1_89' title='bbox 1700 1326 1862 1396; x_wconf 80' lang='grc' dir='ltr'><strong><em>καθ’</em></strong></span> <span class='ocrx_word' id='word_1_90' title='bbox 1914 1324 2224 1415; x_wconf 76' lang='grc' dir='ltr'><strong><em>ὕπνους,</em></strong></span> <span class='ocrx_word' id='word_1_91' title='bbox 2272 1330 2380 1396; x_wconf 81' lang='grc' dir='ltr'><strong><em>καὶ</em></strong></span> 
     </span>
     <span class='ocr_line' id='line_1_13' title="bbox 440 1427 2377 1517; baseline 0.001 -20"><span class='ocrx_word' id='word_1_92' title='bbox 440 1430 689 1499; x_wconf 88' lang='grc' dir='ltr'><strong><em>τούτου</em></strong></span> <span class='ocrx_word' id='word_1_93' title='bbox 726 1428 1189 1516; x_wconf 74' lang='grc' dir='ltr'><strong><em>ὀλισθήσασάν</em></strong></span> <span class='ocrx_word' id='word_1_94' title='bbox 1223 1456 1306 1517; x_wconf 90' lang='grc' dir='ltr'><strong><em>με</em></strong></span> <span class='ocrx_word' id='word_1_95' title='bbox 1349 1445 1493 1509; x_wconf 75' lang='grc' dir='ltr'><strong><em>τοῖς</em></strong></span> <span class='ocrx_word' id='word_1_96' title='bbox 1530 1433 1734 1498; x_wconf 80' lang='grc' dir='ltr'><strong><em>ποσὶν</em></strong></span> <span class='ocrx_word' id='word_1_97' title='bbox 1770 1427 1985 1498; x_wconf 78' lang='grc' dir='ltr'><strong><em>αὐτοῦ</em></strong></span> <span class='ocrx_word' id='word_1_98' title='bbox 2025 1447 2377 1517; x_wconf 85' lang='grc' dir='ltr'><strong><em>συμπατη-</em></strong></span> 
     </span>
     <span class='ocr_line' id='line_1_14' title="bbox 438 1529 2377 1624; baseline 0 -24"><span class='ocrx_word' id='word_1_99' title='bbox 438 1536 664 1618; x_wconf 77' lang='grc' dir='ltr'><strong><em>θῆναι.</em></strong></span> <span class='ocrx_word' id='word_1_100' title='bbox 706 1531 1000 1610; x_wconf 79' lang='grc' dir='ltr'><strong><em>ἔξυπνος</em></strong></span> <span class='ocrx_word' id='word_1_101' title='bbox 1019 1529 1094 1599; x_wconf 74' lang='grc' dir='ltr'><strong><em>δὲ</em></strong></span> <span class='ocrx_word' id='word_1_102' title='bbox 1123 1532 1451 1619; x_wconf 80' lang='grc' dir='ltr'><strong><em>γενομένη</em></strong></span> <span class='ocrx_word' id='word_1_103' title='bbox 1472 1533 1702 1621; x_wconf 78' lang='grc' dir='ltr'><strong><em>πολλῷ</em></strong></span> <span class='ocrx_word' id='word_1_104' title='bbox 1732 1529 2141 1619; x_wconf 78' lang='grc' dir='ltr'><strong><em>συνειχόμην</em></strong></span> <span class='ocrx_word' id='word_1_105' title='bbox 2162 1532 2377 1624; x_wconf 77' lang='grc' dir='ltr'><strong><em>φόβῳ,</em></strong></span> 
     </span>
     <span class='ocr_line' id='line_1_15' title="bbox 442 1629 2375 1723; baseline 0.002 -24"><span class='ocrx_word' id='word_1_106' title='bbox 442 1634 556 1700; x_wconf 87' lang='grc' dir='ltr'><strong><em>καὶ</em></strong></span> <span class='ocrx_word' id='word_1_107' title='bbox 594 1629 841 1701; x_wconf 75' lang='grc' dir='ltr'><strong><em>αὐτίκα</em></strong></span> <span class='ocrx_word' id='word_1_108' title='bbox 890 1631 1062 1720; x_wconf 85' lang='grc' dir='ltr'><strong><em>πρὸς</em></strong></span> <span class='ocrx_word' id='word_1_109' title='bbox 1112 1632 1233 1700; x_wconf 85' lang='grc' dir='ltr'><strong><em>τὸν</em></strong></span> <span class='ocrx_word' id='word_1_110' title='bbox 1285 1630 1747 1723; x_wconf 88' lang='grc' dir='ltr'><strong><em>ὀνειροκρίτην</em></strong></span> <span class='ocrx_word' id='word_1_111' title='bbox 1796 1638 2089 1703; x_wconf 84' lang='grc' dir='ltr'><strong><em>ἔσπευσα</em></strong></span> <span class='ocrx_word' id='word_1_112' title='bbox 2126 1658 2375 1722; x_wconf 86' lang='grc' dir='ltr'><strong><em>πορευ-</em></strong></span> 
     </span>
     <span class='ocr_line' id='line_1_16' title="bbox 443 1724 2380 1826; baseline -0.001 -23"><span class='ocrx_word' id='word_1_113' title='bbox 443 1737 654 1819; x_wconf 80' lang='grc' dir='ltr'><strong><em>θῆναι</em></strong></span> <span class='ocrx_word' id='word_1_114' title='bbox 704 1733 835 1801; x_wconf 85' lang='grc' dir='ltr'><strong><em>σύν</em></strong></span> <span class='ocrx_word' id='word_1_115' title='bbox 879 1733 1088 1820; x_wconf 87' lang='grc' dir='ltr'><strong><em>τάχει,</em></strong></span> <span class='ocrx_word' id='word_1_116' title='bbox 1143 1724 1195 1826; x_wconf 73' lang='grc' dir='ltr'><em>ᾧ</em></span> <span class='ocrx_word' id='word_1_117' title='bbox 1247 1736 1363 1803; x_wconf 83' lang='grc' dir='ltr'><strong><em>καὶ</em></strong></span> <span class='ocrx_word' id='word_1_118' title='bbox 1412 1762 1495 1804; x_wconf 98' lang='grc' dir='ltr'><strong><em>τα</em></strong></span> <span class='ocrx_word' id='word_1_119' title='bbox 1543 1733 1887 1821; x_wconf 74' lang='grc' dir='ltr'><strong><em>ὁραθέντα</em></strong></span> <span class='ocrx_word' id='word_1_120' title='bbox 1935 1736 2380 1823; x_wconf 84' lang='grc' dir='ltr'><strong><em>διηγησάμην·</em></strong></span> 
     </span>
     <span class='ocr_line' id='line_1_17' title="bbox 371 1833 2381 1924; baseline 0.002 -23"><span class='ocrx_word' id='word_1_121' title='bbox 371 1863 423 1902; x_wconf 85' lang='lat'><strong><em>15</em></strong></span> <span class='ocrx_word' id='word_1_122' title='bbox 451 1836 564 1902; x_wconf 87' lang='grc' dir='ltr'><strong><em>καὶ</em></strong></span> <span class='ocrx_word' id='word_1_123' title='bbox 619 1861 695 1913; x_wconf 93' lang='grc' dir='ltr'><strong><em>ος</em></strong></span> <span class='ocrx_word' id='word_1_124' title='bbox 742 1834 864 1903; x_wconf 85' lang='grc' dir='ltr'><strong><em>τὸν</em></strong></span> <span class='ocrx_word' id='word_1_125' title='bbox 912 1833 1175 1924; x_wconf 88' lang='grc' dir='ltr'><strong><em>όνειρον</em></strong></span> <span class='ocrx_word' id='word_1_126' title='bbox 1221 1836 1548 1916; x_wconf 78' lang='grc' dir='ltr'><strong><em>διαλύσας</em></strong></span> <span class='ocrx_word' id='word_1_127' title='bbox 1597 1835 1974 1906; x_wconf 82' lang='grc' dir='ltr'><strong><em>ἐνετείλατό</em></strong></span> <span class='ocrx_word' id='word_1_128' title='bbox 2007 1863 2120 1923; x_wconf 91' lang='grc' dir='ltr'><strong><em>μοι</em></strong></span> <span class='ocrx_word' id='word_1_129' title='bbox 2170 1834 2381 1915; x_wconf 80' lang='grc' dir='ltr'><strong><em>οὕτως</em></strong></span> 
     </span>
     <span class='ocr_line' id='line_1_18' title="bbox 447 1927 2381 2027; baseline 0.001 -23"><span class='ocrx_word' id='word_1_130' title='bbox 447 1936 697 2005; x_wconf 75' lang='grc' dir='ltr'><strong><em>εἰπών</em></strong></span> <span class='ocrx_word' id='word_1_131' title='bbox 744 1934 935 2026; x_wconf 61' lang='grc' dir='ltr'><strong><em>’(ως)</em></strong></span> <span class='ocrx_word' id='word_1_132' title='bbox 987 1939 1355 2025; x_wconf 81' lang='grc' dir='ltr'><strong><em>ἐλέφαντος</em></strong></span> <span class='ocrx_word' id='word_1_133' title='bbox 1401 1940 1674 2027; x_wconf 85' lang='grc' dir='ltr'><strong><em>μορφήν</em></strong></span> <span class='ocrx_word' id='word_1_134' title='bbox 1722 1957 1796 2007; x_wconf 90' lang='grc' dir='ltr'><strong><em>σε</em></strong></span> <span class='ocrx_word' id='word_1_135' title='bbox 1843 1937 2008 2026; x_wconf 82' lang='grc' dir='ltr'><strong><em>χρή,</em></strong></span> <span class='ocrx_word' id='word_1_136' title='bbox 2051 1927 2108 2006; x_wconf 74' lang='grc' dir='ltr'><strong><em>’ὦ</em></strong></span> <span class='ocrx_word' id='word_1_137' title='bbox 2158 1939 2381 2025; x_wconf 80' lang='grc' dir='ltr'><strong><em>γύναι,</em></strong></span> 
     </span>
     <span class='ocr_line' id='line_1_19' title="bbox 450 2039 2387 2133; baseline 0 -25"><span class='ocrx_word' id='word_1_138' title='bbox 450 2042 521 2109; x_wconf 82' lang='grc' dir='ltr'><strong><em>ἐκ</em></strong></span> <span class='ocrx_word' id='word_1_139' title='bbox 550 2039 959 2127; x_wconf 83' lang='grc' dir='ltr'><strong><em>μελιπήκτου</em></strong></span> <span class='ocrx_word' id='word_1_140' title='bbox 986 2039 1485 2110; x_wconf 87' lang='grc' dir='ltr'><strong><em>κατασκευάσαι</em></strong></span> <span class='ocrx_word' id='word_1_141' title='bbox 1514 2043 1876 2128; x_wconf 79' lang='grc' dir='ltr'><strong><em>ἐδέσματος</em></strong></span> <span class='ocrx_word' id='word_1_142' title='bbox 1904 2041 2018 2109; x_wconf 86' lang='grc' dir='ltr'><strong><em>και</em></strong></span> <span class='ocrx_word' id='word_1_143' title='bbox 2050 2042 2146 2133; x_wconf 80' lang='grc' dir='ltr'><strong><em>τῷ</em></strong></span> <span class='ocrx_word' id='word_1_144' title='bbox 2182 2039 2387 2128; x_wconf 86' lang='grc' dir='ltr'><strong><em>ανδρί</em></strong></span> 
     </span>
     <span class='ocr_line' id='line_1_20' title="bbox 448 2110 2382 2230; baseline 0.002 -22"><span class='ocrx_word' id='word_1_145' title='bbox 448 2162 573 2210; x_wconf 90' lang='grc' dir='ltr'><strong><em>σου</em></strong></span> <span class='ocrx_word' id='word_1_146' title='bbox 613 2150 710 2220; x_wconf 80' lang='grc' dir='ltr'><strong><em>εἰς</em></strong></span> <span class='ocrx_word' id='word_1_147' title='bbox 745 2147 1001 2230; x_wconf 76' lang='grc' dir='ltr'><strong><em>βρῶσιν</em></strong></span> <span class='ocrx_word' id='word_1_148' title='bbox 1037 2141 1482 2230; x_wconf 77' lang='grc' dir='ltr'><strong><em>ἀποκομίσαι,</em></strong></span> <span class='ocrx_word' id='word_1_149' title='bbox 1532 2141 1623 2222; x_wconf 75' lang='grc' dir='ltr'><strong><em>ὦς</em></strong></span> <span class='ocrx_word' id='word_1_150' title='bbox 1671 2138 1758 2209; x_wconf 75' lang='grc' dir='ltr'><strong><em>ἂν</em></strong></span> <span class='ocrx_word' id='word_1_151' title='bbox 1807 2140 1842 2210; x_wconf 93' lang='grc' dir='ltr'><strong><em>ὁ</em></strong></span> <span class='ocrx_word' id='word_1_152' title='bbox 1893 2110 2152 2229; x_wconf 77' lang='grc' dir='ltr'><strong><em>ὄνειρός</em></strong></span> <span class='ocrx_word' id='word_1_153' title='bbox 2188 2134 2382 2221; x_wconf 80' lang='grc' dir='ltr'><strong><em>οὗτος</em></strong></span> 
     </span>
     <span class='ocr_line' id='line_1_21' title="bbox 448 2241 2380 2331; baseline 0.002 -23"><span class='ocrx_word' id='word_1_154' title='bbox 448 2241 831 2322; x_wconf 77' lang='grc' dir='ltr'><strong><em>ἀκινδύνως</em></strong></span> <span class='ocrx_word' id='word_1_155' title='bbox 881 2261 986 2311; x_wconf 93' lang='grc' dir='ltr'><strong><em>σοι</em></strong></span> <span class='ocrx_word' id='word_1_156' title='bbox 1028 2242 1429 2331; x_wconf 65' lang='grc' dir='ltr'><strong><em>Γδιαλυθείη.’</em></strong></span> <span class='ocrx_word' id='word_1_157' title='bbox 1529 2247 1645 2314; x_wconf 82' lang='grc' dir='ltr'><strong><em>καὶ</em></strong></span> <span class='ocrx_word' id='word_1_158' title='bbox 1705 2247 1840 2312; x_wconf 82' lang='grc' dir='ltr'><strong><em>νῦν</em></strong></span> <span class='ocrx_word' id='word_1_159' title='bbox 1900 2245 2069 2312; x_wconf 77' lang='grc' dir='ltr'><strong><em>κατὰ</em></strong></span> <span class='ocrx_word' id='word_1_160' title='bbox 2136 2245 2380 2323; x_wconf 81' lang='grc' dir='ltr'><strong><em>ταύτας</em></strong></span> 
     </span>
     <span class='ocr_line' id='line_1_22' title="bbox 370 2341 2380 2433; baseline 0.002 -24"><span class='ocrx_word' id='word_1_161' title='bbox 370 2370 423 2410; x_wconf 79' lang='lat'><strong><em>20</em></strong></span> <span class='ocrx_word' id='word_1_162' title='bbox 447 2345 568 2422; x_wconf 80' lang='grc' dir='ltr'><strong><em>τὰς</em></strong></span> <span class='ocrx_word' id='word_1_163' title='bbox 602 2342 961 2430; x_wconf 77' lang='grc' dir='ltr'><strong><em>ὑποθήκας</em></strong></span> <span class='ocrx_word' id='word_1_164' title='bbox 996 2342 1090 2423; x_wconf 73' lang='grc' dir='ltr'><strong><em>ὥς</em></strong></span> <span class='ocrx_word' id='word_1_165' title='bbox 1126 2341 1296 2432; x_wconf 77' lang='grc' dir='ltr'><strong><em>ὁρᾷς</em></strong></span> <span class='ocrx_word' id='word_1_166' title='bbox 1324 2367 1428 2414; x_wconf 88' lang='grc' dir='ltr'><strong><em>σοι</em></strong></span> <span class='ocrx_word' id='word_1_167' title='bbox 1455 2354 1789 2433; x_wconf 83' lang='grc' dir='ltr'><strong><em>πεποίηκα</em></strong></span> <span class='ocrx_word' id='word_1_168' title='bbox 1824 2344 1949 2433; x_wconf 70' lang='grc' dir='ltr'><strong><em>μὲν</em></strong></span> <span class='ocrx_word' id='word_1_169' title='bbox 1988 2345 2149 2433; x_wconf 73' lang='grc' dir='ltr'><strong><em>ἐγώ,</em></strong></span> <span class='ocrx_word' id='word_1_170' title='bbox 2186 2346 2271 2415; x_wconf 77' lang='grc' dir='ltr'><em>σύ</em></span> <span class='ocrx_word' id='word_1_171' title='bbox 2311 2345 2380 2414; x_wconf 71' lang='grc' dir='ltr'><strong><em>δὲ·</em></strong></span> 
     </span>
     <span class='ocr_line' id='line_1_23' title="bbox 447 2435 2380 2535; baseline 0.002 -22"><span class='ocrx_word' id='word_1_172' title='bbox 447 2445 723 2532; x_wconf 84' lang='grc' dir='ltr'><strong><em>λοιπόν,</em></strong></span> <span class='ocrx_word' id='word_1_173' title='bbox 761 2435 814 2513; x_wconf 79' lang='grc' dir='ltr'><em>ὦ</em></span> <span class='ocrx_word' id='word_1_174' title='bbox 849 2442 1037 2534; x_wconf 71' lang='grc' dir='ltr'><strong><em>ἄνερ,</em></strong></span> <span class='ocrx_word' id='word_1_175' title='bbox 1075 2445 1565 2535; x_wconf 81' lang='grc' dir='ltr'><strong><em>προθυμότατα</em></strong></span> <span class='ocrx_word' id='word_1_176' title='bbox 1614 2447 1824 2535; x_wconf 81' lang='grc' dir='ltr'><strong><em>φάγε,</em></strong></span> <span class='ocrx_word' id='word_1_177' title='bbox 1876 2445 1967 2526; x_wconf 71' lang='grc' dir='ltr'><strong><em>ὥς</em></strong></span> <span class='ocrx_word' id='word_1_178' title='bbox 2016 2443 2105 2515; x_wconf 77' lang='grc' dir='ltr'><strong><em>ἂν</em></strong></span> <span class='ocrx_word' id='word_1_179' title='bbox 2153 2453 2380 2535; x_wconf 84' lang='grc' dir='ltr'><strong><em>μηδείς</em></strong></span> 
     </span>
     <span class='ocr_line' id='line_1_24' title="bbox 445 2543 2381 2637; baseline 0 -21"><span class='ocrx_word' id='word_1_180' title='bbox 445 2574 559 2635; x_wconf 93' lang='grc' dir='ltr'><strong><em>μοι</em></strong></span> <span class='ocrx_word' id='word_1_181' title='bbox 605 2548 1043 2637; x_wconf 80' lang='grc' dir='ltr'><strong><em>προσγένοιτο</em></strong></span> <span class='ocrx_word' id='word_1_182' title='bbox 1088 2547 1485 2627; x_wconf 81' lang='grc' dir='ltr'><strong><em>κίνδυνος.“</em></strong></span> <span class='ocrx_word' id='word_1_183' title='bbox 1563 2551 1678 2618; x_wconf 86' lang='grc' dir='ltr'><strong><em>καὶ</em></strong></span> <span class='ocrx_word' id='word_1_184' title='bbox 1727 2543 1805 2628; x_wconf 81' lang='grc' dir='ltr'><strong><em>ὃς</em></strong></span> <span class='ocrx_word' id='word_1_185' title='bbox 1847 2549 1927 2616; x_wconf 80' lang='grc' dir='ltr'><strong><em>τὸ</em></strong></span> <span class='ocrx_word' id='word_1_186' title='bbox 1978 2557 2381 2637; x_wconf 89' lang='grc' dir='ltr'><strong><em>μελίπηκτον</em></strong></span> 
     </span>
    </p>

    <p class='ocr_par' dir='ltr' id='par_1_5' title="bbox 306 2647 2380 3046">
     <span class='ocr_line' id='line_1_25' title="bbox 371 2647 2380 2740; baseline -0.002 -20"><span class='ocrx_word' id='word_1_187' title='bbox 371 2655 377 2660; x_wconf 78' lang='grc'>’</span> <span class='ocrx_word' id='word_1_188' title='bbox 447 2649 669 2729; x_wconf 64' lang='grc' dir='ltr'><strong><em>εᾶὶθύς</em></strong></span> <span class='ocrx_word' id='word_1_189' title='bbox 721 2649 1040 2737; x_wconf 83' lang='grc' dir='ltr'><strong><em>έδηδόκει.</em></strong></span> <span class='ocrx_word' id='word_1_190' title='bbox 1122 2647 1164 2738; x_wconf 80' lang='grc' dir='ltr'><strong><em>ἡ</em></strong></span> <span class='ocrx_word' id='word_1_191' title='bbox 1211 2648 1290 2718; x_wconf 74' lang='grc' dir='ltr'><strong><em>δὲ</em></strong></span> <span class='ocrx_word' id='word_1_192' title='bbox 1339 2650 1517 2738; x_wconf 82' lang='grc' dir='ltr'><strong><em>γυνὴ</em></strong></span> <span class='ocrx_word' id='word_1_193' title='bbox 1569 2650 1891 2730; x_wconf 86' lang='grc' dir='ltr'><strong><em>τοιούτως</em></strong></span> <span class='ocrx_word' id='word_1_194' title='bbox 1945 2649 2117 2740; x_wconf 84' lang='grc' dir='ltr'><strong><em>πρὸς</em></strong></span> <span class='ocrx_word' id='word_1_195' title='bbox 2170 2648 2380 2720; x_wconf 79' lang='grc' dir='ltr'><strong><em>αὐτὸν</em></strong></span> 
     </span>
     <span class='ocr_line' id='line_1_26' title="bbox 448 2749 2378 2919; baseline 0 -100"><span class='ocrx_word' id='word_1_196' title='bbox 448 2752 1002 2919; x_wconf 53' lang='grc' dir='ltr'><strong><em>πρέζρασισαμένη</em></strong></span> <span class='ocrx_word' id='word_1_197' title='bbox 1057 2750 1123 2829; x_wconf 81' lang='grc' dir='ltr'><strong><em>ἐξ</em></strong></span> <span class='ocrx_word' id='word_1_198' title='bbox 1174 2749 1580 2822; x_wconf 77' lang='grc' dir='ltr'><strong><em>ἀνυπόπτου</em></strong></span> <span class='ocrx_word' id='word_1_199' title='bbox 1597 2803 1618 2838; x_wconf 76' lang='grc'>,</span> <span class='ocrx_word' id='word_1_200' title='bbox 1679 2751 1800 2820; x_wconf 84' lang='grc' dir='ltr'><strong><em>τὸν</em></strong></span> <span class='ocrx_word' id='word_1_201' title='bbox 1859 2753 1983 2821; x_wconf 82' lang='grc' dir='ltr'><strong><em>τοῦ</em></strong></span> <span class='ocrx_word' id='word_1_202' title='bbox 2041 2752 2378 2821; x_wconf 86' lang='grc' dir='ltr'><strong><em>συνεύνου</em></strong></span> 
     </span>
     <span class='ocr_line' id='line_1_27' title="bbox 372 2851 2377 2945; baseline 0.002 -30"><span class='ocrx_word' id='word_1_203' title='bbox 372 2876 423 2915; x_wconf 81' lang='lat'><strong><em>25</em></strong></span> <span class='ocrx_word' id='word_1_204' title='bbox 450 2859 562 2920; x_wconf 89' lang='grc' dir='ltr'><strong><em>κίν</em></strong></span> <span class='ocrx_word' id='word_1_205' title='bbox 609 2878 781 2920; x_wconf 88' lang='grc' dir='ltr'><strong><em>υνον</em></strong></span> <span class='ocrx_word' id='word_1_206' title='bbox 807 2851 1241 2940; x_wconf 74' lang='grc' dir='ltr'><strong><em>ὑπεξέφυγεν</em></strong></span> <span class='ocrx_word' id='word_1_207' title='bbox 1273 2852 1523 2941; x_wconf 80' lang='grc' dir='ltr'><strong><em>ἑαυτὴν</em></strong></span> <span class='ocrx_word' id='word_1_208' title='bbox 1551 2855 2116 2945; x_wconf 77' lang='grc' dir='ltr'><strong><em>περιποιησαμένη</em></strong></span> <span class='ocrx_word' id='word_1_209' title='bbox 2143 2854 2228 2922; x_wconf 77' lang='grc' dir='ltr'><strong><em>τὰ</em></strong></span> <span class='ocrx_word' id='word_1_210' title='bbox 2254 2853 2377 2941; x_wconf 82' lang='grc' dir='ltr'><strong><em>μά-</em></strong></span> 
     </span>
     <span class='ocr_line' id='line_1_28' title="bbox 306 2950 2379 3046; baseline 0.001 -26"><span class='ocrx_word' id='word_1_211' title='bbox 306 2989 350 3027; x_wconf 74' lang='lat' dir='ltr'><strong><em>p.</em></strong></span> <span class='ocrx_word' id='word_1_212' title='bbox 377 2977 427 3016; x_wconf 77' lang='lat'><strong><em>03</em></strong></span> <span class='ocrx_word' id='word_1_213' title='bbox 456 2961 664 3021; x_wconf 84' lang='grc' dir='ltr'><strong><em>λιστα.</em></strong></span> <span class='ocrx_word' id='word_1_214' title='bbox 722 2950 758 3021; x_wconf 91' lang='grc' dir='ltr'><strong><em>ὁ</em></strong></span> <span class='ocrx_word' id='word_1_215' title='bbox 795 2954 926 3044; x_wconf 77' lang='grc' dir='ltr'><strong><em>γὰρ</em></strong></span> <span class='ocrx_word' id='word_1_216' title='bbox 963 2950 1136 3043; x_wconf 74' lang='grc' dir='ltr'><strong><em>ἀνὴρ</em></strong></span> <span class='ocrx_word' id='word_1_217' title='bbox 1173 2952 1385 3042; x_wconf 75' lang='grc' dir='ltr'><strong><em>αὐτῆς</em></strong></span> <span class='ocrx_word' id='word_1_218' title='bbox 1423 2958 1626 3024; x_wconf 80' lang='grc' dir='ltr'><strong><em>πᾶσιν</em></strong></span> <span class='ocrx_word' id='word_1_219' title='bbox 1663 2950 1766 3035; x_wconf 87' lang='grc' dir='ltr'><strong><em>οἷς</em></strong></span> <span class='ocrx_word' id='word_1_220' title='bbox 1803 2953 1992 3046; x_wconf 79' lang='grc' dir='ltr'><strong><em>αὐτῷ</em></strong></span> <span class='ocrx_word' id='word_1_221' title='bbox 2032 2958 2184 3045; x_wconf 85' lang='grc' dir='ltr'><strong><em>περὶ</em></strong></span> <span class='ocrx_word' id='word_1_222' title='bbox 2222 2953 2379 3023; x_wconf 89' lang='grc' dir='ltr'><strong><em>τού-</em></strong></span> 
     </span>
    </p>
   </div>
   <div class='ocr_carea' id='block_1_4' title="bbox 449 3045 2379 3144">
    <p class='ocr_par' dir='ltr' id='par_1_6' title="bbox 449 3045 2379 3144">
     <span class='ocr_line' id='line_1_29' title="bbox 449 3045 2379 3144; baseline 0.001 -22"><span class='ocrx_word' id='word_1_223' title='bbox 449 3081 571 3122; x_wconf 91' lang='grc' dir='ltr'><strong><em>του</em></strong></span> <span class='ocrx_word' id='word_1_224' title='bbox 609 3054 973 3142; x_wconf 88' lang='grc' dir='ltr'><strong><em>λελάληκεν</em></strong></span> <span class='ocrx_word' id='word_1_225' title='bbox 1000 3054 1513 3142; x_wconf 80' lang='grc' dir='ltr'><strong><em>ἀναμφιλέκτως</em></strong></span> <span class='ocrx_word' id='word_1_226' title='bbox 1554 3065 1975 3126; x_wconf 86' lang='grc' dir='ltr'><strong><em>πεπίστευκε.</em></strong></span> <span class='ocrx_word' id='word_1_227' title='bbox 2030 3065 2293 3144; x_wconf 79' lang='grc' dir='ltr'><strong><em>τοίνυν,</em></strong></span> <span class='ocrx_word' id='word_1_228' title='bbox 2330 3045 2379 3123; x_wconf 80' lang='grc' dir='ltr'><em>ὦ</em></span> 
     </span>
    </p>
   </div>
   <div class='ocr_carea' id='block_1_5' title="bbox 448 3317 2382 3657">
    <p class='ocr_par' dir='ltr' id='par_1_7' title="bbox 449 3317 2382 3657">
     <span class='ocr_line' id='line_1_30' title="bbox 582 3317 2376 3403; baseline 0.001 -34"><span class='ocrx_word' id='word_1_229' title='bbox 582 3322 615 3369; x_wconf 87' lang='lat'>4</span> <span class='ocrx_word' id='word_1_230' title='bbox 650 3317 752 3371; x_wconf 83' lang='grc' dir='ltr'><strong><em>τοῦ</em></strong></span> <span class='ocrx_word' id='word_1_231' title='bbox 789 3321 889 3370; x_wconf 77' lang='grc' dir='ltr'><strong><em>εἰεί</em></strong></span> <span class='ocrx_word' id='word_1_232' title='bbox 920 3319 1071 3369; x_wconf 77' lang='lat' dir='ltr'><em>habet</em></span> <span class='ocrx_word' id='word_1_233' title='bbox 1107 3335 1204 3385; x_wconf 79' lang='lat' dir='ltr'><strong><em>quo</em></strong></span> <span class='ocrx_word' id='word_1_234' title='bbox 1239 3323 1502 3387; x_wconf 79' lang='lat' dir='ltr'><strong><em>offendat,</em></strong></span> <span class='ocrx_word' id='word_1_235' title='bbox 1540 3338 1639 3373; x_wconf 79' lang='lat' dir='ltr'><strong><em>non</em></strong></span> <span class='ocrx_word' id='word_1_236' title='bbox 1675 3324 1949 3373; x_wconf 71' lang='lat' dir='ltr'><strong><em>deleverim</em></strong></span> <span class='ocrx_word' id='word_1_237' title='bbox 2176 3325 2209 3373; x_wconf 82' lang='lat'>6</span> <span class='ocrx_word' id='word_1_238' title='bbox 2225 3320 2376 3403; x_wconf 83' lang='grc' dir='ltr'><strong><em>δρω·</em></strong></span> 
     </span>
     <span class='ocr_line' id='line_1_31' title="bbox 448 3378 2378 3455; baseline -0.001 -16.975"><span class='ocrx_word' id='word_1_239' title='bbox 448 3381 640 3455; x_wconf 69' lang='grc' dir='ltr'><strong><em>μένφῖ&gt;</em></strong></span> <span class='ocrx_word' id='word_1_240' title='bbox 781 3390 843 3438; x_wconf 95' lang='grc'><strong><em>16</em></strong></span> <span class='ocrx_word' id='word_1_241' title='bbox 879 3379 956 3446; x_wconf 79' lang='grc' dir='ltr'><strong><em>ὥς</em></strong></span> <span class='ocrx_word' id='word_1_242' title='bbox 991 3389 1043 3437; x_wconf 85' lang='lat' dir='ltr'><strong><em>z’n</em></strong></span> <span class='ocrx_word' id='word_1_243' title='bbox 1078 3389 1254 3439; x_wconf 77' lang='lat' dir='ltr'><strong><em>codice</em></strong></span> <span class='ocrx_word' id='word_1_244' title='bbox 1292 3392 1476 3452; x_wconf 72' lang='lat' dir='ltr'><em>leyitur</em></span> <span class='ocrx_word' id='word_1_245' title='bbox 1508 3396 1628 3453; x_wconf 75' lang='lat' dir='ltr'><em>post</em></span> <span class='ocrx_word' id='word_1_246' title='bbox 1663 3381 1837 3455; x_wconf 75' lang='grc' dir='ltr'><strong><em>γύναι</em></strong></span> <span class='ocrx_word' id='word_1_247' title='bbox 1979 3391 2059 3445; x_wconf 90' lang='grc'><strong><em>18.</em></strong></span> <span class='ocrx_word' id='word_1_248' title='bbox 2097 3392 2160 3440; x_wconf 97' lang='grc'><strong><em>21</em></strong></span> <span class='ocrx_word' id='word_1_249' title='bbox 2201 3385 2275 3450; x_wconf 76' lang='grc' dir='ltr'><strong><em>ὥς</em></strong></span> <span class='ocrx_word' id='word_1_250' title='bbox 2308 3378 2378 3438; x_wconf 67' lang='grc' dir='ltr'><strong><em>ἆυ</em></strong></span> 
     </span>
     <span class='ocr_line' id='line_1_32' title="bbox 448 3404 2377 3535; baseline 0.001 -31.001"><span class='ocrx_word' id='word_1_251' title='bbox 448 3404 765 3520; x_wconf 80' lang='grc' dir='ltr'><strong><em>διαλυθείη</em></strong></span> <span class='ocrx_word' id='word_1_252' title='bbox 789 3463 842 3505; x_wconf 83' lang='lat' dir='ltr'><strong><em>et</em></strong></span> <span class='ocrx_word' id='word_1_253' title='bbox 866 3457 1086 3505; x_wconf 71' lang='lat' dir='ltr'><strong><em>similia</em></strong></span> <span class='ocrx_word' id='word_1_254' title='bbox 1066 3472 1117 3505; x_wconf 83' lang='lat' dir='ltr'><strong><em>m</em></strong></span> <span class='ocrx_word' id='word_1_255' title='bbox 1138 3456 1234 3506; x_wconf 80' lang='lat' dir='ltr'><strong><em>lmc</em></strong></span> <span class='ocrx_word' id='word_1_256' title='bbox 1252 3459 1512 3535; x_wconf 71' lang='lat' dir='ltr'><strong><em>scriptore</em></strong></span> <span class='ocrx_word' id='word_1_257' title='bbox 1538 3459 1760 3518; x_wconf 80' lang='lat' dir='ltr'><strong><em>serenda</em></strong></span> <span class='ocrx_word' id='word_1_258' title='bbox 1779 3460 1954 3508; x_wconf 75' lang='lat' dir='ltr'><strong><em>censui</em></strong></span> <span class='ocrx_word' id='word_1_259' title='bbox 2089 3460 2154 3508; x_wconf 87' lang='grc'><strong><em>23</em></strong></span> <span class='ocrx_word' id='word_1_260' title='bbox 2179 3446 2377 3522; x_wconf 72' lang='grc' dir='ltr'><strong><em>ἐδηδό-</em></strong></span> 
     </span>
     <span class='ocr_line' id='line_1_33' title="bbox 449 3516 2374 3589; baseline 0.002 -19"><span class='ocrx_word' id='word_1_261' title='bbox 449 3520 562 3584; x_wconf 78' lang='grc' dir='ltr'><strong><em>κει]</em></strong></span> <span class='ocrx_word' id='word_1_262' title='bbox 587 3524 775 3571; x_wconf 79' lang='lat' dir='ltr'><strong><em>aoristi</em></strong></span> <span class='ocrx_word' id='word_1_263' title='bbox 796 3526 906 3573; x_wconf 87' lang='lat' dir='ltr'><em>Ioco</em></span> <span class='ocrx_word' id='word_1_264' title='bbox 931 3530 1014 3571; x_wconf 69' lang='lat' dir='ltr'><strong><em>ext</em></strong></span> <span class='ocrx_word' id='word_1_265' title='bbox 1134 3526 1202 3573; x_wconf 86' lang='grc'><strong><em>24</em></strong></span> <span class='ocrx_word' id='word_1_266' title='bbox 1235 3516 1299 3574; x_wconf 79' lang='grc' dir='ltr'><strong><em>ἔκ</em></strong></span> <span class='ocrx_word' id='word_1_267' title='bbox 1333 3522 1472 3574; x_wconf 65' lang='lat' dir='ltr'><strong><em>tofi?</em></strong></span> <span class='ocrx_word' id='word_1_268' title='bbox 1504 3527 1577 3573; x_wconf 80' lang='lat' dir='ltr'><strong><em>ad</em></strong></span> <span class='ocrx_word' id='word_1_269' title='bbox 1605 3527 1689 3585; x_wconf 82' lang='lat'><strong><em>56,</em></strong></span> <span class='ocrx_word' id='word_1_270' title='bbox 1714 3525 1780 3574; x_wconf 89' lang='grc'><strong><em>22</em></strong></span> <span class='ocrx_word' id='word_1_271' title='bbox 1805 3525 1917 3589; x_wconf 82' lang='grc'>(21)</span> <span class='ocrx_word' id='word_1_272' title='bbox 2057 3527 2123 3575; x_wconf 75' lang='lat'><strong><em>27</em></strong></span> <span class='ocrx_word' id='word_1_273' title='bbox 2159 3516 2374 3586; x_wconf 74' lang='grc' dir='ltr'><strong><em>τοίνυν]</em></strong></span> 
     </span>
     <span class='ocr_line' id='line_1_34' title="bbox 450 3588 2382 3657; baseline 0.002 -21"><span class='ocrx_word' id='word_1_274' title='bbox 450 3588 586 3637; x_wconf 91' lang='lat' dir='ltr'><strong>Lob.</strong></span> <span class='ocrx_word' id='word_1_275' title='bbox 613 3588 739 3639; x_wconf 87' lang='lat' dir='ltr'><strong>Phr.</strong></span> <span class='ocrx_word' id='word_1_276' title='bbox 767 3591 882 3639; x_wconf 84' lang='lat'><strong>342.</strong></span> <span class='ocrx_word' id='word_1_277' title='bbox 908 3592 980 3639; x_wconf 76' lang='lat' dir='ltr'><strong><em>ita</em></strong></span> <span class='ocrx_word' id='word_1_278' title='bbox 1007 3590 1356 3644; x_wconf 64' lang='lat' dir='ltr'><strong><em>PozzfanusA.</em></strong></span> <span class='ocrx_word' id='word_1_279' title='bbox 1382 3591 1439 3640; x_wconf 89' lang='lat' dir='ltr'><strong><em>P.</em></strong></span> <span class='ocrx_word' id='word_1_280' title='bbox 1461 3590 1557 3653; x_wconf 86' lang='lat' dir='ltr'><strong><em>XI,</em></strong></span> <span class='ocrx_word' id='word_1_281' title='bbox 1585 3594 1696 3648; x_wconf 83' lang='grc'>127,</span> <span class='ocrx_word' id='word_1_282' title='bbox 1727 3592 1833 3642; x_wconf 87' lang='lat' dir='ltr'><strong><em>Leo</em></strong></span> <span class='ocrx_word' id='word_1_283' title='bbox 1859 3593 2135 3657; x_wconf 74' lang='lat' dir='ltr'><strong><em>Diae-onus,</em></strong></span> <span class='ocrx_word' id='word_1_284' title='bbox 2161 3591 2382 3642; x_wconf 71' lang='lat' dir='ltr'><em>Ioannes</em></span> 
     </span>
    </p>
   </div>
   <div class='ocr_carea' id='block_1_6' title="bbox 2147 3971 2503 4050">
    <p class='ocr_par' dir='ltr' id='par_1_8' title="bbox 2147 3971 2503 4050">
     <span class='ocr_line' id='line_1_35' title="bbox 2147 3971 2503 4050; baseline 0 -26"><span class='ocrx_word' id='word_1_285' title='bbox 2147 3973 2258 4050; x_wconf 56' lang='lat'><strong><em>&#39;3²5</em></strong></span> <span class='ocrx_word' id='word_1_286' title='bbox 2311 3995 2402 4036; x_wconf 67' lang='grc' dir='ltr'><strong><em>.-.,,.ι</em></strong></span> <span class='ocrx_word' id='word_1_287' title='bbox 2493 3971 2503 4050; x_wconf 70' lang='lat' dir='ltr'>J</span> 
     </span>
    </p>
   </div>
   <div class='ocr_carea' id='block_1_7' title="bbox 2499 3651 2505 3688">
    <p class='ocr_par' dir='ltr' id='par_1_9' title="bbox 2499 3651 2505 3688">
     <span class='ocr_line' id='line_1_36' title="bbox 2499 3651 2505 3688; baseline 0 0"><span class='ocrx_word' id='word_1_288' title='bbox 2499 3651 2505 3688; x_wconf 76' lang='lat'>†</span> 
     </span>
    </p>
   </div>
   <div class='ocr_carea' id='block_1_8' title="bbox 2500 3187 2508 3973">
    <p class='ocr_par' dir='ltr' id='par_1_10' title="bbox 2500 3187 2508 3973">
     <span class='ocr_line' id='line_1_37' title="bbox 2500 3187 2508 3973; baseline 0 0"><span class='ocrx_word' id='word_1_289' title='bbox 2500 3187 2508 3973; x_wconf 95' lang='lat' dir='ltr'><strong><em> </em></strong></span> 
     </span>
    </p>
   </div>
  </div>
 </body>
</html>
