2563 4087
975 271 1221 334 Aesopus
1259 272 1286 321 1
1975 271 2100 337 251.

146 427 358 498 ἄπιθι
393 442 644 517 προῖκα
671 427 902 515 φέρων
936 425 1017 494 τὰ
1055 426 1342 515 λάχανα,
1378 428 1491 496 καὶ
1530 426 1758 508 ὁσάκις
1796 451 1900 498 σοι
1933 431 2101 498 τού-

146 557 298 600 των
334 534 464 615 δεῖ,
501 528 594 608 ὦς
631 535 728 607 εἰς
764 534 1019 597 οἰκεῖον
1054 529 1272 616 κῆπον
1304 524 1600 617 βαδίζων
1635 529 2005 619 λάμβανείς.

299 629 485 700 Μεθ’
537 628 790 718 ἡμέρας
836 628 1043 698 πάλιν
1088 635 1188 709 εἰς
1236 630 1315 696 τὸ
1365 637 1731 717 βαλανεῖον
1774 631 2100 712 ἐλθόντος
2123 645 2177 694 X

147 735 283 801 τοῦ
322 731 606 811 Ξάνθου
651 738 775 800 καί
815 751 989 799 τισιν
1034 730 1439 816 ἐντυχόντος
1491 732 1632 801 ἐκεῖ
1673 734 1813 801 τῶν
1847 741 2100 823 φίλων,
2134 761 2304 810 μευ).

149 835 273 902 καὶ
312 833 483 922 πρὸς
528 831 651 901 τὸν
687 842 1017 902 Αἴσωπον
1064 831 1409 921 εἰρηκότος
1457 842 1555 911 εἴς
1589 858 1661 901 τε
1710 833 1837 922 τὴν
1870 840 2099 903 οἰκίαν
2127 861 2152 899 5

150 938 582 1023 προδραμεῖν
641 935 757 1002 καὶ
807 937 1035 1021 φακῆν
1088 939 1188 1013 εἰς
1237 929 1362 1021 τὴν
1409 932 1669 1022 χύτραν
1724 933 2102 1022 ἐμβαλόντα

154 1037 431 1123 ἑψῆσαι,
481 1038 738 1114 ἐκεῖνος
773 1032 1099 1104 ἀπελθών
1143 1033 1394 1104 κόκκον
1430 1037 1551 1103 ἕνα
1586 1039 1808 1122 φακῆς
1845 1043 1943 1115 εἰς
1977 1034 2103 1124 τὴν

149 1137 421 1225 χύτραν
458 1139 604 1217 ἕψει
635 1134 890 1226 βαλών.
946 1134 982 1204 ὁ
1020 1134 1097 1204 δὲ
1126 1136 1212 1223 δὴ
1239 1136 1513 1216 Ξάνθος
1525 1133 1679 1224 ἅμα
1702 1152 1848 1216 τοῖς
1877 1143 2102 1223 φίλοις

150 1238 603 1326 λουσάμενος,
643 1237 865 1307 ἐκάλει
897 1236 1187 1317 τούτους
1226 1236 1859 1326 συναριστήσοντας.
1930 1261 2099 1326 προ-
2145 1239 2151 1243 ’

148 1353 307 1409 εῖπε
354 1338 582 1427 μέντοι
626 1340 742 1407 καὶ
791 1337 886 1418 ὥς
931 1340 1158 1426 λιταῖς,
1217 1340 1330 1408 ἐπὶ
1378 1340 1561 1428 φακῇ
1610 1337 1741 1426 γὰρ
1797 1345 1977 1407 ἔσται
2023 1337 2099 1405 τὸ
2129 1357 2179 1395 10

150 1444 471 1528 δεῖπνον,
516 1440 631 1508 καὶ
678 1436 767 1520 ὥς
800 1437 893 1527 μὴ
941 1443 1054 1508 δεῖ
1094 1444 1178 1528 τῇ
1213 1444 1506 1529 ποικιλίᾳ
1541 1443 1679 1508 τῶν
1716 1437 2103 1527 ἐδεσμάτων

149 1540 319 1623 τούς
347 1546 595 1628 φίλους
624 1547 907 1630 κρίνειν,
933 1536 1106 1608 ἄλλα
1137 1540 1512 1628 δοκιμάζειν
1538 1538 1660 1628 τὴν
1687 1545 2101 1629 προθυμίαν.

147 1648 302 1712 τῶν
346 1641 424 1711 δὲ
474 1640 796 1722 εἰξάντων
845 1643 961 1710 καὶ
1007 1637 1178 1731 πρὸς
1210 1640 1338 1730 τὴν
1380 1647 1603 1710 οἰκίαν
1649 1640 2104 1730 ἀφικομένων,

147 1741 193 1813 ὁ
230 1741 508 1823 Ξάνθος
543 1750 719 1830 φησί
728 1761 743 1776 ·
800 1740 968 1830 ,,δὸς
1002 1740 1169 1830 ἡμῖν
1216 1738 1354 1811 ἀπὸ
1399 1746 1691 1832 λουτροῦ
1728 1757 1929 1829 πιεῖν,
1968 1752 2103 1811 Αἴ-

150 1842 414 1914 σωπε“.
466 1847 589 1913 τοῦ
628 1840 696 1924 δ’
738 1846 810 1913 ἐκ
836 1848 954 1931 τῆς
980 1839 1349 1933 ἀπορροίας
1375 1848 1499 1912 τοῦ
1528 1848 1821 1933 λουτροῦ
1850 1842 2102 1931 λαβόν-
2131 1858 2181 1899 1⁵

148 1973 271 2027 τος
308 1947 423 2014 καὶ
462 1943 970 2031 ἐπιδεδωκότος,
1018 1941 1052 2013 ὁ
1091 1943 1362 2023 Ξάνθος
1398 1946 1515 2030 τῆς
1552 1948 1893 2023 δυσωδίας
1929 1937 2103 2010 άνα-

148 2054 518 2135 πλησθείς,
579 2050 789 2135 ,,φεῦ,
833 2054 906 2115 τί
948 2045 1227 2133 τοῦτοίί,
1275 2051 1489 2133 φησίν
1541 2041 1941 2133 ,,Αἰ’σωπε“;
1991 2045 2103 2112 καὶ

149 2147 268 2230 ὅς·
328 2143 510 2237 ,,άπὸ
547 2153 867 2236 λουτροῦ,
920 2145 1011 2227 ὥς
1054 2145 1484 2226 ἐκέλευσαςζζ.
1555 2150 1676 2215 τοῦ
1713 2144 1803 2214 δὲ·
1825 2143 2103 2224 Ξάνθου

146 2255 244 2341 τῇ
291 2255 635 2340 παρουσίᾳ
682 2255 821 2318 τῶν
856 2255 1080 2338 φίλων
1125 2246 1252 2335 τὴν
1301 2244 1522 2338 ὀργὴν,
1565 2245 1954 2335 ἐπισχόντος
1990 2246 2104 2314 καὶ

148 2349 455 2439 λεκάνην
500 2350 689 2442 αὐτῷ
741 2353 1200 2440 παρατεθῆναι
1259 2347 1725 2436 κελεύσαντος,
1785 2358 2104 2427 Αἴσωπος
2129 2364 2182 2404 20

150 2451 289 2541 τὴν
359 2451 650 2540 λεκάνην
718 2454 872 2532 θεὶς
942 2456 1194 2520 ἵστατο.
1301 2450 1415 2518 καὶ
1483 2446 1520 2517 ὁ
1589 2448 1894 2529 Ξάνθος·
1971 2446 2102 2534 ,,οὐ

148 2552 495 2638 ·νι’πτεις“;
522 2552 829 2632 κάκεῖνος
848 2571 861 2585 ·
894 2554 1334 2641 ,,ἐντε’ταλταί
1362 2578 1473 2638 μοι
1502 2554 1715 2618 ταῦτα
1741 2547 1917 2637 μόνα
1952 2572 2105 2616 ποι-

301 2787 326 2833 1
375 2778 569 2848 φέρων
603 2785 814 2845 προῖκα
850 2782 901 2831 D
1072 2785 1104 2832 2
1143 2773 1218 2841 ὥς
1267 2777 1374 2846 εἰς]
1426 2776 1508 2840 εἰς
1544 2797 1635 2831 om.
1685 2779 1735 2829 V
1757 2779 1808 2828 D
1835 2779 1882 2829 Φ
1906 2779 1955 2828 R
1979 2779 2026 2828 E
2051 2776 2105 2826 H

155 2851 207 2902 F
229 2852 283 2901 Κ
308 2851 349 2900 Ζ
512 2850 774 2915 βαδίζειν
812 2852 854 2900 Ρ
1016 2853 1048 2901 3
1084 2844 1425 2914 μεθημέρας
1463 2849 1508 2910 Q
1668 2841 1733 2899 δὲ
1770 2838 1944 2897 πάλιν
1981 2845 2027 2894 Ε
2052 2844 2108 2894 Η

157 2919 207 2969 F
232 2920 286 2969 K
308 2919 351 2967 Z
375 2935 412 2968 v
547 2921 583 2968 4
618 2917 720 2968 τοῦ
759 2933 854 2970 om.
892 2916 956 2968 Φ.
1080 2912 1216 2975 τῶν]
1256 2909 1360 2967 τὸν
1397 2918 1440 2966 Ρ
1562 2916 1594 2964 6
1628 2913 2023 2981 προσδραμεῖν
2058 2913 2109 2962 V.

161 2985 700 3048 QEAHFKZv
878 2977 1758 3049 φακὴνΜνρΒκΦΕΗΡ
1929 2973 2108 3061 ἐμβά-

106 3056 113 3062 “
161 3054 342 3106 λοντα
377 3053 425 3105 Φ
589 3057 618 3103 7
654 3045 749 3115 ἐψ.
791 3054 836 3114 Q
861 3053 909 3101 A
1069 3043 1191 3116 άπ.,
1233 3046 1316 3110 εἰς
1351 3047 1459 3117 τὴν
1498 3069 1547 3115 χ.
1589 3044 1692 3101 ἕνα
1729 3041 1938 3100 κόκκον
1976 3058 2109 3111 εψει

158 3117 357 3186 βαλὼν
393 3119 652 3186 (βαλλῶν
697 3120 741 3170 Ρ
789 3113 981 3188 λαβών
1022 3116 1091 3182 Α)
1130 3120 1178 3170 Φ
1225 3122 1406 3169 omisso
1443 3136 1491 3171 u.
1532 3113 1724 3183 φακῆς
1896 3118 1928 3167 8
1974 3111 2109 3179 ἕψει

156 3190 301 3249 libra*
334 3191 436 3239 πίει·
456 3191 596 3254 quod
628 3182 759 3248 ἕψει
794 3188 857 3245 A,
886 3190 932 3252 Q
972 3189 1110 3252 quod
1140 3202 1208 3235 m.
1235 3202 1317 3269 pr.
1352 3188 1479 3247 fecit
1513 3201 1585 3235 ex
1610 3180 1654 3235 ἕ.
1756 3187 1790 3234 9
1816 3175 2040 3241 τούτοις
2063 3183 2109 3232 Ρ

269 3251 787 3321 συναριστήσονται
822 3255 867 3304 Ρ
976 3257 1034 3303 11
1085 3246 1182 3319 ὡς]
1223 3270 1292 3311 ος
1328 3255 1372 3304 Ρ
1409 3260 1462 3302 ut
1497 3268 1654 3316 saepe
1766 3250 1867 3302 δεῖ
1893 3252 2110 3314 scripsi.-

163 3323 295 3375 δεῖν
332 3324 452 3374 libri
585 3321 655 3390 τῇ
681 3325 734 3373 in
756 3322 804 3372 A
836 3322 1094 3401 suppleuit
1117 3338 1184 3369 m.
1210 3337 1291 3385 pr.
1435 3322 1498 3371 13
1526 3314 1628 3397 εξξ.
1652 3319 1702 3368 A
1839 3321 1903 3367 14
1938 3315 2111 3368 αἴσω·

163 3406 273 3450 πος
308 3392 353 3441 Ρ
463 3394 526 3441 15
563 3385 632 3442 δὲ
669 3391 710 3440 Ζ
816 3391 878 3443 16
915 3405 946 3440 ο
986 3381 1207 3451 ξάνθος
1243 3404 1336 3442 om.
1376 3387 1423 3438 Φ
1539 3383 1904 3449 αναπληθεὶς
1939 3385 1973 3433 b

167 3462 232 3510 17
269 3476 326 3509 τι
365 3459 406 3508 Ζ
443 3458 498 3510 τὶ
536 3458 584 3507 R.
620 3465 672 3507 ut
709 3474 800 3508 sae
840 3460 1006 3507 issime
1110 3456 1171 3506 τί
1202 3452 1396 3520 τοῦτο]
1430 3445 1659 3505 τοιοῦτο
1695 3454 1738 3502 Ρ
1845 3446 2025 3503 ἕσωπε
2062 3452 2108 3501 Ε

303 3528 366 3577 18
407 3520 470 3585 ὃς
506 3526 546 3575 Ζ
676 3527 739 3576 19
807 3523 1114 3589 πίσχοντος
1148 3522 1216 3585 A,
1263 3537 1297 3573 σ
1330 3537 1402 3573 ex
1424 3520 1562 3572 cbrr.
1670 3523 1734 3571 20
1782 3512 1959 3584 αὐτῷ]
2002 3519 2037 3568 ἰ.
2065 3534 2120 3569 e.

166 3584 325 3663 αὑτῷ
464 3595 531 3643 22
567 3587 717 3659 μόνα
759 3609 851 3644 om.
889 3592 935 3641 F
960 3591 1012 3641 K
1034 3591 1075 3641 Z
1103 3607 1152 3654 v,
1176 3588 1382 3656 μόνον
1416 3590 1486 3654 R,
1522 3583 1672 3654 μόνα
1708 3585 1892 3638 ταῦτα
1932 3587 1977 3648 Q
2006 3585 2053 3639 Φ
