2563 4087
1029 253 1283 324 Aesopus
1318 256 1346 309 1
2034 254 2162 320 253

215 414 369 500 φεὶς
407 408 578 501 πρὸς
614 411 734 480 τὸν
771 423 1124 503 Αἴσωπον,
1162 413 1382 485 εἶπεν·
1433 411 1625 504 ,,άλλ’
1666 416 1780 486 ἵνα
1816 409 1906 505 μὴ
1956 415 2155 506 δόξω,

213 514 379 584 κακὲ
417 516 645 601 δοῦλε,
680 530 822 594 τοῖς
850 523 1071 603 φίλοις
1103 518 1501 607 ἐνυβρίζειν,
1537 515 1863 587 ἀπελθών
1900 515 2155 606 ῶνησαι

207 614 431 696 πόδας
481 623 812 706 χοιρείους
857 618 1205 707 τέτταρας,
1266 621 1381 688 καὶ
1433 619 1543 687 διὰ
1589 622 1849 706 ταχέων
1900 620 2153 709 ἑψήσας

203 716 587 804 παράθεςςί.
650 724 775 788 τοῦ
805 719 881 788 δὲ
921 725 1191 809 σπουδῇ
1217 722 1420 788 τοῦτο
1448 721 1849 809 ποιήσαντος
1874 724 1988 791 καὶ
2015 716 2236 790 τῶνΧΙ

201 823 448 888 ποδῶν
504 821 878 909 ἑψομένων,
927 821 964 889 ὁ
1000 822 1273 902 Ξάνθος
1325 819 1622 909 εὐλόγως
1669 825 1897 892 θέλων
1946 827 2206 904 τύψαιε)

197 920 330 990 τὸν
371 931 728 1009 Αἴσωπον,
774 920 992 992 αὐτοῦ
1043 933 1201 1009 περί
1244 950 1308 991 τι
1353 926 1491 992 τῶν
1540 930 1638 1004 εἰς
1673 933 1909 1014 χρείαν
1945 923 2155 1012 ἄσχο-

201 1023 581 1113 λουμένου,
633 1026 751 1093 ἕνα
796 1027 935 1093 τῶν
970 1028 1207 1093 ποδῶν
1258 1026 1330 1093 ἐκ
1365 1031 1483 1112 τῆς
1519 1025 1771 1115 χύτρας
1808 1034 2154 1115 λαθραίως

208 1123 620 1213 ἀνελόμενος
657 1131 928 1214 ἔκρυψε.
1013 1124 1176 1213 μετά
1214 1127 1456 1214 μικρὸν
1493 1126 1568 1195 δὲ
1603 1128 1717 1195 καὶ
1753 1126 1793 1195 ὁ
1833 1137 2154 1208 Αἴσωπος

206 1225 439 1295 ἐλθών
469 1227 584 1295 καὶ
611 1224 736 1313 τὴν
763 1228 1022 1316 χύτραν
1052 1229 1604 1315 ἐπισκεψάμενος,
1644 1227 1737 1307 ῶς
1776 1228 1939 1307 τούς
1974 1243 2152 1318 τρεῖς

206 1326 433 1417 μόνον
476 1327 691 1408 πόδας
730 1329 1004 1417 ἑώρακε,
1044 1334 1340 1417 συνῆκεν
1379 1330 1743 1418 ἐπιβουλὴν
1778 1324 1967 1419 αύτῷ
2005 1357 2154 1398 τινα
2178 1362 2228 1399 10

205 1445 600 1515 γεγονυῖαν.
674 1432 789 1499 καὶ
826 1431 909 1518 δὴ
946 1433 1399 1521 καταδραμῶν
1451 1433 1561 1500 ἐπὶ
1610 1433 1733 1519 τὴν
1770 1426 1990 1519 αύλὴν
2036 1434 2149 1498 καὶ

205 1533 330 1600 τοῦ
367 1531 809 1619 σιτευομένου
846 1541 1082 1620 χοίρου
1130 1533 1253 1600 τὸν
1290 1536 1412 1601 ἕνα
1446 1536 1583 1601 τῶν
1633 1535 1864 1602 ποδῶν
1898 1536 1981 1621 τῇ
2017 1560 2150 1619 μα·-

199 1640 414 1723 χαίρᾳ
475 1633 807 1722 περιελὼν
868 1636 984 1702 καὶ
1031 1639 1172 1702 τῶν
1217 1640 1465 1723 τριχῶν
1513 1635 1832 1721 ψιλῶσας,
1883 1642 1980 1713 εἰς
2028 1634 2152 1721 τὴν

214 1735 483 1823 χύτραν
522 1741 752 1825 ἔρριψε
787 1737 902 1804 καὶ
951 1735 1229 1815 συνέψει
1273 1751 1415 1815 τοῖς
1452 1733 1695 1816 ἄλλοις.
1766 1735 2039 1815 Ξάνθος
2075 1734 2150 1804 δὲ

206 1841 472 1923 δείσας,
498 1836 589 1924 μή
616 1861 759 1917 πως
779 1847 1100 1917 Αἴσωπος
1119 1837 1240 1905 τὸν
1266 1834 1727 1925 ὑφαιρεθέντα
1750 1842 1890 1904 τῶν
1918 1839 2150 1904 ποδῶν
2177 1864 2227 1904 15

207 1935 336 2024 ούχ
387 1937 615 2028 εύρῶν
665 1934 1051 2028 ἀποδράσῃ,
1102 1929 1305 2016 αὖθις
1343 1943 1440 2017 εἰς
1480 1937 1604 2025 τὴν
1640 1937 1899 2026 χύτραν
1935 1932 2150 2004 αύτόν

211 2041 509 2128 ἐνέβαλε.
583 2043 703 2108 τοῦ
755 2038 818 2108 δ’
873 2040 1205 2111 Αίσῶπου
1254 2039 1417 2118 τούς
1467 2038 1681 2117 πόδας
1730 2043 1824 2118 εἰς
1869 2037 1944 2106 τὸ
1981 2064 2148 2126 τρυ-

203 2149 408 2230 βλίον
457 2141 882 2222 κενῶσαντος
928 2144 1044 2210 καὶ
1082 2142 1281 2209 πέντε
1330 2140 1594 2208 τούτων
1629 2138 2150 2228 άναφανέντων,

207 2242 244 2311 ὁ
275 2244 548 2323 Ξάνθος
587 2252 707 2333 ,,τί
739 2243 1017 2330 τοῦτοίί,
1055 2248 1266 2331 φησίν
1308 2251 1667 2331 ,,Αἴσωπε;
1706 2244 1850 2321 πῶς
1876 2240 2147 2324 πέντε“;

203 2340 553 2425 κάκεῖνος·
621 2346 759 2433 ,,τῶ
811 2345 939 2414 δύο
995 2352 1204 2434 χοίρω
1265 2331 1521 2423 πόσους
1575 2350 1799 2430 ἔχετον
1858 2341 2145 2424 πόδαςίςς
2174 2369 2225 2408 20

347 2597 372 2644 1
414 2585 652 2644 ἄλλείνα
687 2594 731 2642 Ρ
872 2596 902 2644 3
939 2593 1190 2658 χοιριόυς
1229 2593 1274 2654 Q
1303 2591 1353 2640 D
1378 2591 1417 2640 Z
1444 2591 1509 2653 Ε,
1534 2590 1588 2640 H
1636 2589 1753 2654 (sed
1775 2606 1802 2639 e
1828 2588 1989 2653 corr.)
2027 2604 2147 2652 χοι-

199 2661 404 2727 1ροίους
441 2662 486 2711 Ρ
594 2655 921 2725 διαταχέων
955 2660 1014 2709 Μ
1040 2660 1084 2722 Q
1113 2660 1163 2708 D
1190 2659 1235 2708 R
1272 2658 1374 2709 δια
1411 2653 1633 2723 ταχέων
1668 2657 1714 2705 Α
1752 2646 2078 2721 διάταχέων
2106 2657 2146 2703 Ρ

209 2724 535 2795 διαταχέως
568 2727 619 2779 V
721 2732 767 2779 3.
790 2733 820 2778 5
858 2723 949 2788 ἐψ.
980 2729 1025 2790 Q
1097 2732 1130 2777 4
1167 2719 1392 2791 σπουδὴ
1429 2726 1483 2774 H
1588 2728 1619 2775 5
1654 2716 1962 2789 ἕψημένων
2000 2722 2046 2771 Φ
2110 2749 2113 2750 ⁷

195 2800 235 2849 >6
276 2793 501 2850 ἕσωπον
536 2796 582 2844 Ε
696 2792 778 2854 εἰς
804 2798 854 2845 in
877 2795 925 2844 A
950 2797 1072 2846 add.
1101 2794 1146 2844 A
1171 2797 1202 2844 2
1310 2784 1749 2860 ἀσχολουμένων
1787 2791 1835 2842 Φ
1873 2781 2149 2856 ἄσχολον·

203 2912 390 2980 μένου
429 2914 483 2974 (l.
522 2931 557 2964 υ
590 2916 736 2978 sacta
761 2931 832 2964 ea·
864 2915 922 2977 ν)
960 2914 1001 2962 Ζ
1105 2917 1136 2966 8
1174 2904 1558 2978 άνελκόμενος
1597 2913 1640 2961 Ρ
1678 2905 2040 2975 ἅνεψόμενος
2076 2910 2147 2973 D,

207 2987 239 3035 λ
277 2986 400 3033 add.
442 2982 492 3030 D
519 2984 549 3032 2
743 2976 997 3045 ἔκρυψεν
1032 2983 1088 3032 Μ
1277 2978 1493 3045 μικρῶν
1530 2982 1573 3029 Ρ
1610 2970 1963 3043 μεταμικρόν
2001 2972 2067 3027 δὲ
2104 2979 2148 3026 Ε

199 3045 353 3117 μετὰ
390 3042 669 3115 μικρόνδε
707 3050 759 3099 Η
919 3045 1020 3099 καὶ
1055 3043 1086 3099 ὁ
1125 3046 1263 3113 αἰ’σ.]
1305 3046 1403 3099 καὶ
1441 3063 1533 3097 om.
1570 3046 1615 3094 E
1761 3049 1822 3095 10
1857 3037 2038 3111 μόνον
2071 3045 2147 3095 V:

197 3115 421 3186 ’μόνους
447 3122 611 3168 ceteri
710 3109 1091 3180 ἕῶρακενΜΙ)
1115 3112 1666 3181 (praetered.Neuel.)
1772 3113 1984 3179 συνῆκε
2010 3109 2149 3179 (Z)b

346 3202 481 3238 τινα
519 3178 674 3235 αὐτῶ
711 3185 757 3246 Q
900 3185 963 3233 12
999 3176 1121 3248 τὸν]
1159 3182 1271 3234 τῶν
1308 3183 1366 3231 Μ
1491 3184 1552 3233 13
1588 3176 1861 3247 ψηλώσας
1895 3182 1945 3232 V
1979 3174 2149 3245 ψιλός

201 3270 313 3313 σας
349 3254 408 3318 ΡΙ
535 3256 598 3304 15
637 3243 818 3311 δύσας
854 3253 897 3301 Ρ
1036 3249 1309 3316 αἴσωπος]
1351 3264 1427 3302 σω
1463 3254 1630 3314 suppl.
1668 3250 1714 3331 Q
1743 3253 1800 3309 2;
1851 3245 2066 3306 ἔσωπος
2102 3248 2147 3297 Ε

193 3315 236 3372 ὁ
276 3320 530 3380 αἶ’σωπος
567 3322 615 3372 Φ
792 3322 854 3369 16
892 3312 1012 3384 οὐχ’
1047 3319 1120 3381 Μ,
1166 3319 1212 3381 Q
1240 3322 1288 3378 2,
1329 3320 1382 3368 H
1407 3318 1453 3366 E
1501 3313 1604 3384 οὐχ
1644 3309 1829 3382 ευρων
1864 3334 1955 3369 om.
2003 3317 2048 3377 Q
2075 3314 2148 3379 D,

204 3392 332 3440 add.
370 3391 417 3452 Q
444 3392 476 3439 2
511 3388 563 3438 D
588 3391 618 3438 2
776 3378 1100 3451 ἀποδράσει
1147 3385 1194 3435 Φ
1348 3388 1410 3436 17
1446 3384 1702 3451 τριβλίον
1745 3386 1790 3433 F
1818 3384 1858 3432 Z
1893 3381 2145 3447 τρίβλιον

206 3458 261 3507 Κ
283 3457 318 3507 b
355 3449 621 3522 τρύβλιον
655 3455 704 3506 Α
727 3471 780 3520 a,
815 3456 850 3505 b
890 3457 1018 3506 1547
1160 3456 1222 3503 19
1259 3451 1455 3518 τοῦτο]
1494 3444 1710 3504 τούτων
1747 3452 1793 3499 Β
1923 3452 1989 3500 20
2027 3444 2147 3501 δύω

198 3524 267 3572 Μ
293 3525 337 3587 Q
380 3541 411 3572 v
452 3526 687 3589 (praeter
717 3524 756 3574 b
794 3522 948 3588 1534)
1110 3520 1285 3587 χοίρω
1324 3523 1369 3584 Q
1396 3522 1436 3571 Z
1478 3523 1573 3571 secl
1605 3522 1657 3569 in
1691 3527 1904 3584 utroque
1940 3534 2076 3567 corr.
2117 3535 2147 3567 ο

206 3608 280 3642 ex
319 3607 364 3655 ε,
403 3591 459 3641 in
496 3592 541 3655 Q
576 3600 859 3657 praete-rea
894 3609 937 3642 ω
960 3592 1014 3640 in
1036 3606 1143 3640 ras.
1179 3588 1291 3640 τῶν
1329 3581 1438 3640 δύο
1474 3586 1680 3654 χοίρων
1716 3586 1762 3635 Ε
1789 3588 1843 3636 Η
1948 3580 2063 3651 ἔχει
2099 3585 2149 3635 V
