2563 4087
410 227 491 292 76
1230 227 1351 279 vn.
1392 243 1435 281 s.
1473 230 1522 283 2.

408 369 794 459 προσέθηκε
829 371 923 460 τῷ
962 366 1133 460 ξένῳ
1169 369 1284 437 καὶ
1322 366 1500 454 λέγει
1535 366 1757 459 αὐτῷ·
1810 367 1979 454 ,,τὸν
2017 366 2180 456 ἐμὸν
2215 365 2357 436 ἄν·

411 476 594 561 ,,δρα
626 471 919 560 βλέπεις,
951 461 1003 537 ὦ
1032 469 1201 556 ξένε,
1229 470 1400 538 κατὰ
1438 468 1615 538 πολύ
1653 469 1937 559 ’γηραιὸν
1973 466 2137 538 ὄντα
2174 468 2357 558 κάμὲ

411 574 664 659 ,,πάλιν
715 572 883 640 νέαν
934 573 1049 641 καὶ
1112 570 1460 659 εὔμορφον
1518 573 1634 639 καὶ
1690 571 1818 657 τὴν
1868 574 2007 640 τῶν
2067 570 2356 661 ἀνδρῶν

410 673 728 762 ,,ὁμιλίαν
764 673 1138 760 ἀγαπῶσαν
1173 673 1415 760 πολλά,
1453 672 1529 742 σὲ
1564 672 1642 743 δὲ
1671 673 1832 742 νέον
1869 671 2033 742 ὄντα
2061 675 2176 742 καὶ
2213 678 2344 743 δυ·-

345 782 381 842 “5
412 775 756 863 ,,νάμενον
791 776 915 862 τὴν
954 779 1324 863 ἐπιθυμίαν
1359 801 1492 862 μου
1529 775 1866 864 χορτάσαι.
1932 774 1968 844 ὁ
2006 773 2182 864 ἀνήρ
2208 802 2348 863 μου

204 905 377 953 p.9613.
411 878 646 964 ,,ἐστὶν
684 878 807 958 ἔξω
854 876 1017 965 μετὰ
1052 879 1191 946 τῶν
1238 883 1494 965 φίλων·
1545 878 1661 946 καὶ
1711 876 1797 946 σὺ
1835 875 2133 957 ἀναστὰς
2171 876 2351 964 πλή-

408 999 679 1067 ,,ρωσον
725 980 851 1067 τὴν
912 982 1285 1066 ἐπιθυμίαν
1332 977 1537 1067 μου.“
1621 978 1659 1046 ὁ
1709 977 1787 1047 δὲ
1847 978 2035 1060 ξένος
2088 981 2354 1058 ἐκεῖνος

405 1079 776 1169 ἀπατηθεὶς
815 1086 970 1150 ἔλυε
1004 1082 1127 1169 τὴν
1161 1081 1380 1169 ζιόνην
1415 1082 1537 1149 τοῦ
1576 1088 1866 1170 βρακίου
1914 1087 2038 1149 τοῦ
2079 1078 2346 1168 ἀναβῆ-

404 1210 516 1251 ναι
551 1185 634 1271 τῇ
672 1190 893 1271 κλίνῃ.
947 1181 1039 1262 ὥς
1066 1184 1238 1268 γοῦν
1266 1181 1445 1252 εἶδεν
1481 1181 1523 1270 ἡ
1559 1183 1734 1270 γυνὴ
1769 1183 1847 1250 τὸ
1876 1182 2050 1271 πρὸς
2080 1203 2344 1252 συνου-

259 1320 272 1329 ·
329 1312 379 1351 10
407 1291 563 1353 σίαν
599 1284 946 1371 σύντομον
975 1289 1099 1352 τοῦ
1143 1281 1375 1371 ξένου,
1425 1281 1562 1372 ἅμα
1595 1288 1902 1372 βαλοῦσα
1951 1284 2070 1363 τὰς
2106 1300 2340 1371 χεῖρας

407 1387 516 1454 ἐπὶ
551 1385 675 1472 τὴν
715 1387 958 1473 ἑαυτῆς
993 1385 1332 1477 κεφαλήν,
1381 1384 1505 1472 τὴν
1539 1385 1758 1473 κόμην
1808 1386 2178 1474 ἐσπάραττε
2209 1393 2339 1474 βο-
2379 1444 2386 1448 .

408 1491 578 1556 ὦσα·
636 1483 928 1575 ,,βαβαίῐ
982 1483 1288 1555 ὁττοτίῖίί
1362 1488 1478 1555 καὶ
1525 1487 1676 1555 τότε
1725 1491 1798 1554 οἱ
1840 1489 1914 1554 ἐν
1962 1491 2057 1578 τῷ
2107 1495 2347 1578 χωρίῳ

402 1592 747 1668 οἰκοῦντες
784 1587 1257 1677 προσέδραμον
1292 1589 1406 1656 καὶ
1445 1593 1518 1656 οί
1547 1585 1956 1674 καλεσμένοι.
2033 1588 2070 1657 ὁ
2110 1587 2188 1657 δὲ
2222 1588 2342 1670 ξέ-

401 1716 521 1768 νος
558 1687 775 1777 αὐτὴν
809 1693 1081 1778 βοῶσαν
1122 1689 1293 1758 ἰδών
1340 1691 1455 1758 καὶ
1503 1690 1579 1758 τὸ
1635 1693 1895 1777 πλῆθος
1931 1689 2201 1778 εἰσρέον
2237 1698 2345 1770 εἰς

326 1817 376 1856 15
402 1790 521 1859 τὸν
558 1789 780 1877 οἶκον,
817 1791 1022 1860 πάλιν
1072 1792 1387 1860 ἐκάθισεν
1439 1798 1821 1883 ἔμπροσθεν
1869 1793 1988 1878 τῆς
2025 1791 2342 1880 κειμένης

402 1890 587 1984 αὐτῷ
636 1893 992 1982 τραπέζης,
1054 1893 1250 1984 φόβῳ
1303 1894 1750 1979 συνεχόμενος
1797 1897 2028 1985 πολλῷ
2077 1895 2194 1963 καὶ
2243 1894 2340 1982 μὴ

404 2000 575 2081 ἔχων
621 2020 685 2063 τι
733 1995 1245 2084 διαπράξασθαι.
1333 1999 1407 2063 οἱ
1447 1994 1524 2064 δὲ
1572 1997 1859 2083 γεωργοὶ
1908 1995 2345 2077 εἰσελθόντες

401 2095 674 2182 λέγουσι
719 2102 801 2186 τῇ
855 2104 1157 2183 γυναικί·
1214 2099 1407 2183 ,,πι·5ς
1445 2101 1730 2179 ἔπαθεςς
1780 2098 1889 2165 καὶ
1927 2104 2031 2177 τίς
2068 2096 2110 2185 ἡ
2146 2105 2348 2167 αἰτία

401 2201 566 2284 ,,τῆς
600 2197 932 2286 τοσαύτης
969 2221 1094 2269 σου
1122 2200 1288 2287 βοῆς
1306 2197 1373 2280 ,“
1394 2195 1455 2283 ἢ
1491 2198 1568 2267 δὲ
1605 2197 1773 2286 πρὸς
1810 2196 2068 2279 αὐτούς
2104 2198 2329 2270 εἶπεν·

324 2325 375 2364 20
402 2325 650 2385 ,,ουτος
686 2297 722 2367 ὁ
760 2299 982 2387 ξένος,
1020 2298 1056 2367 ὁ
1094 2298 1253 2387 παρ’
1286 2299 1479 2387 ἡμῶν
1506 2300 2162 2389 φιλοφρονούμενος,
2193 2300 2329 2369 ἀπὸ

403 2404 565 2488 ,,τῆς
600 2401 923 2490 τραπέζης
962 2405 1238 2488 ἐσθίων,
1265 2398 1407 2470 ὑπό
1430 2428 1610 2481 τινος
1637 2402 2039 2490 θρύμματος
2070 2400 2331 2491 [ψίχας]

538 2669 564 2716 1
601 2660 955 2731 προσέθηκε]
980 2681 1045 2716 m
1048 2681 1195 2731 gere
1233 2670 1504 2717 uernacule
1529 2684 1725 2733 quoque
1747 2672 2011 2717 zusetzen
2114 2669 2146 2716 2
2183 2659 2335 2718 κατά

387 2728 588 2818 ·πολύ],
606 2737 727 2783 uide
759 2735 864 2785 ind.
901 2759 968 2769 —-
1003 2726 1302 2785 καταπολύ
1339 2735 1386 2783 V
1422 2743 1475 2784 ut
1509 2751 1668 2799 saepe
1789 2738 1822 2784 4
1857 2724 2178 2801 ἀγαπῶσαν
2211 2738 2346 2786 seri·

396 2802 513 2865 psi:
550 2797 835 2865 α’γαπῶσα
869 2802 915 2850 V
952 2791 1157 2867 άγαπῶ
1192 2801 1363 2881 (AB)
1373 2803 1578 2852 Boissa
1625 2812 1889 2869 ueramque
1931 2811 2242 2854 structuram
2287 2807 2344 2853 in

399 2869 493 2918 hoe
527 2870 784 2932 scriptore
811 2871 1122 2933 praesertim
1156 2885 1264 2919 cum
1299 2862 1407 2935 τὴν
1443 2861 1675 2933 ὁμιλίαν
1710 2872 2036 2921 antecederet
2066 2872 2341 2934 ferendam

401 2937 659 2986 duxissem
692 2938 740 2986 si
774 2944 910 2987 esset
943 2939 1076 2988 unde
1105 2938 1363 3001 penderet
1397 2932 1476 2990 σέ.
1525 2939 1697 3004 itaque
1720 2938 2064 2989 Boissonade
2092 2941 2181 3004 qui
2213 2946 2337 2994 ante

398 2998 499 3053 καὶ
522 3006 556 3054 3
579 3005 817 3054 distinxit
839 3006 1034 3056 addere
1060 3005 1294 3065 debebat,
1321 3007 1460 3071 quod
1481 3014 1558 3055 est
1574 3009 1626 3056 in
1644 3005 1718 3067 M,
1742 2996 1806 3067 ὁρ
1809 3000 1853 3056 ὦ
1876 3013 1998 3070 post
2015 3000 2078 3057 σὲ
2101 3001 2193 3069 ὃὲς
2213 3022 2262 3056 u.
2285 3006 2341 3055 D

534 3072 567 3121 ὅ
601 3062 631 3123 ὁ
661 3063 720 3121 δ’
732 3074 758 3121 ⁴?
861 3075 894 3123 6
928 3069 1029 3123 καὶ
1056 3065 1130 3137 δὴ
1160 3065 1271 3123 σύῗ
1386 3075 1419 3123 8
1456 3070 1720 3139 βρακίον]
1759 3074 1930 3123 braca
2045 3044 2339 3139 ἐπαναβῆ-

402 3153 501 3188 ναι
536 3139 593 3189 Μ
628 3142 819 3190 rectius
936 3143 999 3190 13
1035 3135 1432 3219 καλεσμένοιί.
1459 3156 1502 3191 e.
1529 3135 1889 3219 ικεκλημένοι.
1925 3141 2104 3192 Boias,
2131 3141 2337 3192 Anecd.

398 3206 489 3258 Gr.
525 3209 577 3271 4,
614 3209 735 3259 38¹7.
873 3209 938 3258 14
974 3202 1117 3259 ἰδών
1152 3209 1370 3272 scripsi:
1410 3202 1580 3268 εἰδώς
1615 3208 1776 3259 ABV.
1815 3226 1863 3258 u
1894 3210 1944 3259 D
2088 3202 2170 3268 εἰς
2207 3202 2342 3272 ᾆέον

395 3275 445 3323 V
595 3277 657 3325 15
693 3269 962 3341 κειμένης
998 3278 1031 3325 i.
1060 3292 1105 3329 e.
1142 3271 1576 3356 παρακειμένης
1726 3278 1788 3327 17
1825 3275 1886 3326 τί
1917 3276 1966 3327 V
2117 3277 2180 3329 18
2215 3276 2337 3335 πῶς

396 3357 496 3392 non
531 3350 610 3393 est
642 3344 925 3393 mutandum
1044 3345 1110 3394 20
1146 3337 1177 3394 ὁ
1215 3359 1307 3394 om.
1346 3344 1404 3392 M
1525 3346 1589 3395 21
1628 3360 1659 3395 τ
1662 3342 1800 3409 ῆςδε
1834 3343 1938 3410 τῆς
1975 3343 2033 3394 Μ
2150 3336 2341 3410 θρόμ-

395 3425 574 3473 ματος
609 3410 692 3459 Μ·
739 3401 1035 3475 θρύματος
1071 3412 1217 3462 ABV
1270 3412 1340 3473 ef.
1382 3410 1579 3462 Corais
1613 3411 1837 3462 Heliod.
1883 3429 1936 3477 p.
1977 3412 2043 3462 63
2082 3409 2195 3490 (19)

394 3475 581 3559 ψίχας
613 3480 829 3527 seclusi.-
865 3479 1209 3529 Boissonade
1246 3479 1463 3529 malebat
1498 3475 1689 3546 ψιχός.
1725 3477 1992 3546 ψίχας-’7
2006 3517 2020 3544 ,
2057 3470 2251 3546 ψύχας
2287 3485 2342 3530 et

393 3542 577 3608 ψίχας
612 3543 677 3606 Β,
714 3537 909 3610 ψύχας
944 3546 1017 3608 A3
1058 3562 1151 3599 om.
1188 3545 1263 3601 Μ
1302 3562 1351 3597 α.
1388 3548 1439 3597 D
