2563 4087
299 240 313 253 “
396 252 515 315 196

391 397 517 483 τὴν
564 394 829 464 τούτων
881 395 1129 479 δαψιλῆ
1178 394 1550 480 μετάληψιν
1612 392 1881 472 πάντως
1940 396 2055 461 καὶ
2115 394 2335 483 κόρον

393 497 647 581 αὐτῶν,
683 493 812 564 κᾶν
863 495 952 582 μὴ
989 493 1338 582 βούληται,
1391 495 1747 583 λαμβάνει·
1824 493 2186 585 ὀφθαλμοῦ
2244 497 2336 564 δὲ

394 597 643 684 λύχνος
665 594 826 665 καθ’
852 595 1017 665 ὅσον
1038 593 1163 684 ὁρᾷ
1184 596 1286 662 τοὶ·
1296 596 1620 684 χρήματα,
1657 596 1825 663 κατὰ
1852 601 2182 665 τοσοῦτον
2211 600 2335 665 καὶ

395 698 625 766 αὐτῶν
666 701 921 785 ἐφίεται
955 699 1068 765 καὶ
1108 695 1486 782 ἄκορέστως
1524 697 1694 786 πρὸς
1729 703 1943 765 ταῦτα
1983 702 2144 783 ἔχει,
2204 701 2337 785 με’-

342 827 367 866 5
395 827 540 886 χρις
588 795 673 866 ἂν
726 798 834 866 διά
875 799 1182 868 θανάτου
1230 796 1369 866 ὑπὸ
1433 800 1552 867 τὸν
1599 802 1770 885 χοῦν
1817 796 1859 886 ἡ
1908 797 2121 867 αὐτοῦ
2174 798 2338 880 ὄψις

330 897 333 900 ’
398 899 488 980 ὠς
527 906 683 980 ἔθος
720 899 1143 987 καλυφθείη.’
1222 902 1444 988 Φησὶν
1482 892 1611 969 οὖν
1648 891 1850 979 αὖθις
1888 898 1924 966 ὁ
1976 902 2336 987 βασιλεύς·

387 1000 403 1026 ‘
427 1001 659 1081 ὁποῖος
681 999 827 1091 (ἂν)
847 1001 1142 1089 άποβαίη
1163 1000 1293 1090 ἄρα
1332 998 1367 1068 ὁ
1404 1004 1527 1069 τοῦ
1549 1006 1900 1090 φθονεροῦ
1937 1001 2192 1089 ἀνδρὸς
2214 1005 2338 1071 καὶ

392 1104 741 1192 βασκάνου
790 1103 1089 1182 θάνατος
1107 1102 1138 1185 3’
1197 1105 1313 1171 καὶ
1364 1098 1400 1169 ὁ
1440 1118 1633 1182 παῖς·
1691 1101 1976 1190 “άνδρὸς
2011 1104 2336 1173 τοιούτου

395 1204 755 1294 (θάνατος)
790 1206 1028 1295 κέρδος
1061 1218 1205 1284 τοῖς
1245 1206 1492 1291 ἑτέροις
1528 1211 1802 1289 γίνεται.
1877 1202 2159 1290 οὐδεμία
2197 1205 2338 1292 γὰρ

319 1336 368 1373 10
394 1313 531 1374 τῶν
570 1306 891 1394 ἀθέσμων
929 1306 1238 1396 πράξεων
1273 1314 1520 1395 χείρων
1556 1311 1673 1392 τῆς
1699 1311 2072 1393 βασκανίας
2110 1309 2337 1374 καθέ-

220 1451 263 1487 p.
292 1435 367 1475 135
394 1431 626 1497 στηκε,
679 1412 791 1477 καὶ
839 1408 965 1497 χρὴ
1017 1408 1240 1475 πάντα
1276 1405 1648 1495 ἄνθρωπον
1683 1412 1953 1495 θερμῶς
1991 1414 2341 1476 αἰτεῖσθαι

392 1511 469 1577 τὸ
507 1522 703 1578 θεῖον
738 1508 920 1588 ὅπως
957 1507 993 1576 ὁ
1033 1509 1301 1595 φθόνος
1337 1511 1454 1595 τῆς
1495 1510 1742 1577 ἑαυτοῦ
1789 1513 2076 1596 καρδίας
2130 1511 2338 1596 ἐξαρ-

375 1617 548 1697 -θείη
601 1613 847 1678 τέλεον.
947 1614 1167 1695 γνῶθι
1216 1612 1328 1696 δέ,
1387 1601 1439 1678 ὦ
1489 1614 1804 1696 βασιλεῦ,
1869 1606 1960 1688 ὦς
2007 1606 2184 1689 ἅπας
2243 1614 2338 1697 μὴ

394 1718 786 1798 βασκαίνων
824 1709 1190 1800 ἅνθρωπος
1224 1711 1440 1798 ἡδέως
1477 1710 1661 1779 πάνυ
1702 1714 1946 1796 ἐσθίει,
1997 1707 2215 1797 ἡδέως
2257 1713 2341 1780 δὲ

317 1840 367 1878 15
394 1819 605 1898 πίνει,
661 1814 776 1880 καὶ
823 1811 1038 1899 ἡδέως
1086 1811 1436 1882 ὑπνώττει.
1510 1809 1730 1901 ἡγὰρ
1767 1810 1980 1879 αὐτοῦ
2019 1814 2334 1898 διαγωγὴ

396 1918 762 2002 φροντίδος
800 1913 1249 2000 ἀπήλλακται,
1304 1912 1340 1982 ὁ
1385 1922 1533 2001 βίος
1571 1913 1786 1982 αὐτοῦ
1825 1912 2180 1992 άνώδυνος
2218 1916 2340 1982 τέ-

393 2042 652 2104 τακται,
691 2008 792 2110 (ἡ)
830 2017 1134 2105 καθέδρα
1172 2012 1535 2103 άμέριμνος
1571 2016 1685 2083 καὶ
1722 2013 1762 2101 ἡ
1800 2015 2026 2094 στάσις
2055 2013 2337 2096 ἄπονος.

407 2122 636 2186 Ταῦτα
686 2110 852 2203 οὖν,
907 2110 958 2183 ὦ
1008 2118 1317 2207 κράτιστε
1365 2122 1667 2205 βασιλεῦ,
1723 2115 1891 2205 ἅπερ
1942 2116 2102 2205 παρ’
2163 2120 2336 2203 ἐμοῦ

396 2217 727 2304 ἀκήκοας,
765 2216 1073 2305 αὐτάρκη
1110 2217 1496 2305 πεφύκασιν
1533 2225 1629 2297 εἰς
1668 2217 2010 2304 διαγωγὴν
2045 2216 2339 2306 ἀρίστην

319 2346 369 2385 20
397 2320 511 2387 καὶ
563 2326 720 2406 βίον
767 2318 1291 2404 ἀκατάγνωστον
1337 2336 1479 2399 τοῖς
1534 2321 1843 2408 ἐχέφροσι
1895 2319 2064 2386 κατὰ
2103 2318 2177 2386 σὲ
2212 2322 2339 2387 καὶ

397 2437 705 2501 συνετοϊς
742 2419 1031 2509 άνδράσι
1066 2422 1181 2488 καὶ
1218 2429 1625 2508 φιλοσοφίας
1666 2418 2069 2508 ἐφιεμένοιςῖ

669 2619 716 2666 ,τ
967 2643 982 2663 ‚
1034 2631 1060 2665 s
1206 2642 1222 2663 ,
1375 2579 1427 2649 μ)
1639 2642 1651 2661 ,
1741 2615 1790 2658 τ,
2044 2621 2055 2630 ·
2268 2643 2283 2663 ,

534 2659 561 2704 1
599 2671 719 2706 παν
840 2657 870 2704 2
909 2670 1090 2704 αυτον
1193 2652 1399 2717 οφθαλ
1523 2656 1655 2702 3κτο
1694 2664 1796 2701 σον
1919 2651 1951 2700 6
1987 2650 2343 2715 καλυφθηει

314 2737 323 2746 ·
395 2725 538 2773 coda
575 2721 947 2800 καλυφθείῃ,
987 2738 1087 2798 ηομ
1121 2722 1516 2782 coniunctiuum,
1556 2721 1768 2797 rgposui
1801 2720 1866 2798 def
1901 2720 2176 2798 scrgt'ptoris
2210 2734 2343 2769 con-

396 2792 662 2839 suetudine
799 2792 829 2839 7
867 2805 897 2839 ο
933 2804 1102 2846 ποιος
1137 2789 1207 2850 cf.
1250 2787 1365 2845 188,
1406 2788 1467 2835 12
1575 2803 1648 2836 αν
1682 2788 1851 2836 αάἰεοι
1956 2801 2070 2847 αρα
2230 2802 2343 2837 πο-

397 2854 577 2921 νηροῦ
613 2856 688 2918 M,
727 2869 803 2906 om
838 2858 884 2906 P
919 2857 986 2917 cf.
1028 2857 1074 2903 D
1214 2857 1246 2905 8
1286 2848 1518 2905 uov'vov
1642 2856 1674 2903 9
1711 2845 1971 2910 θάνατος
2007 2855 2179 2903 adieci

398 2928 430 2975 9
486 2917 662 2973 οὐδὲν
724 2921 869 2979 οοιὶ.;
936 2912 1076 2973 οὐδὲ
1132 2918 1241 2987 γὰρ
1289 2916 1374 2973 ἔνι
1420 2912 1561 2972 ἄλλο
1609 2924 1805 2987 χεῖρον
1848 2918 1961 2970 τῶν
2005 2916 2344 2985 βαρυτέρων

400 2983 696 3068 ἁμαρτιῶν
729 2990 790 3041 Ρ.
863 3006 930 3039 an
974 2990 1295 3039 scribendum
1339 2982 1479 3040 οὐδὲ
1516 2981 1624 3069 γρὶρ
1662 2988 1775 3038 τῶν
1810 2980 1866 3037 ά.
1902 3003 1962 3037 π.
2001 2987 2210 3070 χείρων
2252 3007 2344 3049 τις

397 3058 536 3123 vm?
676 3059 737 3106 12
775 3049 1041 3121 ἔξαρθίει
1076 3059 1217 3119 eod.;
1257 3058 1328 3120 cf.
1369 3059 1416 3110 6.
1470 3049 1682 3121 ἐξέλθῃ
1715 3055 1760 3104 Ρ
1899 3058 1962 3106 13
1998 3073 2028 3106 ο
2069 3072 2148 3121 μη
2190 3057 2237 3106 Ρ

401 3129 489 3183 14,
522 3125 584 3174 15
622 3118 790 3183 ἰδέως
827 3132 877 3175 et
912 3125 988 3174 bis
1025 3118 1192 3184 ἰδέως
1309 3126 1371 3174 16
1407 3116 1741 3202 άπήλακται
1845 3113 2131 3181 άνόδννος
2277 3126 2344 3175 17

399 3184 495 3258 (ἡ)
533 3192 702 3242 adieci
817 3195 880 3243 19
915 3185 1209 3257 πεφύκασι
1347 3194 1413 3243 20
1450 3183 1640 3243 anat&
1679 3182 1932 3256 γνωστὸν
2070 3194 2135 3241 21
2176 3207 2344 3243 συνε-

402 3254 537 3319 τοὺς
640 3260 827 3310 desinit
861 3260 918 3310 M
949 3261 994 3323 f.
1030 3262 1118 3310 66²
1154 3277 1214 3311 m.
1250 3261 1319 3322 cf.
1363 3263 1478 3321 180,
1513 3263 1544 3310 5
