2563 4087
342 237 463 302 188

340 381 596 467 γήσεως
631 385 889 469 γνῶθι,
943 373 995 449 ὦ
1031 381 1339 470 κράτιστε
1371 382 1678 470 βασιλεῦ,
1727 380 1818 460 ὥς
1859 381 2141 449 ἑκάστου
2173 384 2253 468 τῇ

342 483 647 570 γεννήσει
699 489 839 554 ἰδία
884 508 982 562 τις
1028 481 1376 552 ἀπόκειται
1420 481 1602 570 παρὰ
1637 486 1807 551 θεοῦ
1850 488 2114 570 ἔκβασις
2147 480 2252 550 εὐ-

167 617 209 654 1³.
240 612 315 649 124
342 592 581 671 τυχίας
619 580 690 671 (ἢ
725 583 1056 671 ἀτυχίας).
1123 582 1349 671 ὥσπερ
1388 587 1464 653 ἐν
1498 583 1624 670 μὲν
1658 586 1740 671 τῇ
1779 586 1903 651 τοῦ
1943 587 2069 652 σοῦ
2105 585 2259 652 υἱοῦ

340 685 647 772 γεννήσει
695 685 1056 774 ἐσύστερον
1104 685 1323 774 ἀπέβη
1382 683 1566 776 αὐτῷ
1611 683 1694 751 τά
1758 682 2095 773 εὔχρηστα
2151 686 2255 752 καὶ

288 813 314 851 5
344 786 653 854 ἐπαινετὰ
693 788 809 855 καὶ
846 784 1164 873 εὐτυχίας
1200 785 1579 873 ἀνάμεστα,
1620 788 1694 854 ἐν
1730 786 1807 854 δὲ
1840 788 1925 873 τῇ
1966 784 2264 874 γεννήσει.

338 888 462 954 τοῦ
511 889 869 973 τεχθέντος
924 890 1161 968 παιδὸς
1209 891 1303 979 τῷ
1353 886 1707 980 φιλοσόφῳ
1758 892 1884 955 τοῦ
1942 889 2262 974 βασιλέως

345 991 608 1057 ἐκείνου
630 1040 649 1074 ,
722 990 875 1077 περὶ
946 980 1030 1057 οὗ
1103 988 1643 1079 προδιελαβόμην
1704 1008 1841 1074 σοι,
1912 986 2127 1076 ἀπέβη
2183 987 2260 1055 τὰ

341 1087 636 1178 ἄχρηστα
697 1092 811 1157 καὶ
873 1092 1166 1178 φευκτέα
1227 1092 1341 1158 καὶ
1405 1089 1753 1178 ἀπόβλητα
1814 1090 1929 1157 καὶ
1992 1088 2270 1176 ἀτυχίας

343 1190 864 1280 πεπληρωμένα.’
938 1195 1153 1260 ταῦτα
1198 1197 1293 1283 τῷ
1342 1198 1608 1279 βασιλεῖ
1655 1190 1870 1280 Κύρῳ
1917 1194 2040 1258 τοῦ
2080 1200 2262 1259 Συν-

266 1317 317 1356 10
341 1299 503 1359 τίπα
565 1295 1103 1380 διηγησαμένου,
1166 1293 1377 1380 φησὶν
1440 1290 1476 1361 ὁ
1537 1291 1853 1380 βασιλεὺς
1916 1291 2089 1379 πρός
2147 1290 2271 1360 τὸν·

346 1394 589 1461 ἑαυτοῦ
642 1398 891 1464 παῖδα·
957 1393 1263 1482 ’φράσον
1308 1420 1455 1480 μοι,
1506 1395 1959 1481 περιπόθητον
2009 1393 2276 1477 τέκνον,

231 1509 237 1513 ’
342 1496 487 1587 πῶς
523 1492 652 1582 ἄρα
688 1497 802 1562 καὶ
838 1493 1058 1585 ὁποίῳ
1093 1495 1338 1586 τρόπῳ
1369 1493 1405 1562 ὁ
1444 1494 1561 1574 σὸς
1597 1493 2043 1581 μυσταγωγὸς
2081 1504 2265 1563 Συντ

341 1600 539 1673 τίπας
592 1594 717 1682 τὴν
763 1596 1103 1683 τοσαύτην
1152 1615 1227 1665 σε
1274 1603 1689 1683 φιλοσοφίαν
1739 1593 2170 1677 ἐξεδίδαξεν;’
2234 1592 2276 1661 ὁ

344 1694 419 1762 δὲ
467 1711 628 1774 παῖς
676 1700 771 1787 τῷ
820 1698 1025 1784 πατρὶ
1075 1695 1485 1786 ἀπεκρίνατο
1504 1716 1517 1729 ·
1588 1695 1607 1723 ‘
1629 1696 1984 1785 ἐπειδήπερ
2044 1698 2268 1781 εἰσέτι,

267 1820 318 1858 15
346 1787 398 1862 ὦ
435 1796 753 1884 δέσποτα,
798 1800 951 1887 περὶ
988 1799 1237 1867 τούτου
1273 1809 1524 1885 μαθεῖν
1569 1798 1655 1867 σὺ
1695 1805 1932 1885 ζητεῖς,
1968 1805 2278 1886 γνωρίζω·

344 1887 546 1977 αὖθις
580 1902 674 1989 τῷ
712 1899 935 1985 κράτει
971 1920 1132 1987 σου,
1190 1899 1288 1979 αἶς
1321 1898 1747 1989 παραλαβών
1782 1926 1863 1987 με
1899 1896 2033 1967 ἀπὸ
2073 1901 2199 1966 σοῦ
2237 1895 2269 1965 ὁ

348 1999 504 2087 ε’μὸς
542 2000 946 2082 διδάσκαλος
982 2003 1096 2069 καὶ
1133 2008 1231 2081 είς
1258 2001 1381 2070 τὸν
1410 1999 1626 2070 αὐτοῦ
1655 1998 1845 2070 οἷκον
1872 1998 2271 2087 ἀπαγαγών,

168 2135 212 2173 ι).
244 2124 317 2163 125
345 2099 561 2180 εὐθύς
624 2108 930 2171 οἰκίσκον
979 2111 1228 2172 νεωστί
1273 2129 1388 2191 μοι
1442 2105 1787 2190 ἐδείματο,
1848 2103 1964 2170 καὶ
2026 2107 2282 2170 τοῦτον·

348 2206 605 2274 ἔσωθεν
665 2211 960 2290 κοσμίως
1021 2212 1412 2294 περιχρίσας
1473 2207 1590 2275 καὶ
1660 2201 2009 2291 λευκότητι
2069 2230 2270 2271 κατα·

265 2328 319 2366 20
346 2308 662 2390 γλαΐσας,
711 2304 933 2372 πάντα
983 2301 1108 2374 ὅσα
1160 2305 1501 2385 ἐκδιδάξαι
1545 2332 1627 2392 με
1678 2309 1811 2374 ἔδει
1862 2306 1935 2373 ἐν
1971 2320 2115 2383 τοῖς
2149 2307 2268 2372 τοῦ

344 2412 537 2474 οἴκου
584 2413 831 2492 τοίχοις
878 2405 1275 2496 ἀνιστόρησε
1328 2408 1443 2475 καὶ
1505 2406 1846 2496 γράμμασι
1905 2403 2282 2486 διεστίξατόῑ

343 2531 415 2573 τε
459 2507 573 2574 καὶ
621 2502 913 2597 ἀκριβῶς
964 2506 1347 2587 ἀνετάξατο.
1436 2505 1517 2575 οὐ
1572 2507 1711 2596 μὴν
1758 2505 1931 2575 ἀλλὰ
1981 2508 2095 2576 καὶ
2155 2507 2278 2574 τὸν

340 2604 538 2691 ἥλιον·
568 2610 682 2677 καὶ
717 2609 843 2695 τὴν
892 2610 1183 2697 σελήνην
1231 2611 1345 2677 καὶ
1389 2607 1554 2688 τούς
1600 2606 1882 2695 ἀστέρας
1936 2611 2010 2677 ἐν
2056 2612 2273 2686 τοῐςδε

344 2705 917 2799 ἀνεζωγράφησεν.
1022 2709 1379 2798 ἐνεχάραξε
1427 2710 1504 2778 δὲ
1549 2725 1693 2790 τοῖς
1743 2707 1982 2789 αὐτοῖς
2028 2716 2282 2795 τοίχοις

267 2833 317 2872 25
347 2810 419 2875 ἐν
447 2816 958 2897 καλλωπίσμασι
983 2812 1205 2880 καὶτὰ
1235 2814 1399 2880 δέκα
1425 2811 1754 2898 κεφάλαια
1779 2815 1900 2897 τῆς
1933 2837 2004 2879 τε
2029 2819 2282 2897 σοφίας·

346 2905 523 2997 (καὶ)
583 2913 700 2996 τῆς
766 2910 1078 2997 γνώσεως
1149 2914 1264 2982 καὶ
1313 2915 1430 3001 τῆς
1490 2916 1946 2997 διδασκαλίας.
2044 2901 2140 2979 ὧν
2198 2910 2272 2978 τὸ

343 3015 615 3099 πρῶτον
684 3012 1051 3100 κεφάλαιον
1112 3015 1267 3101 περὶ
1339 3016 1574 3083 σκαιοῦ
1636 3040 1708 3083 τε
1774 3014 1890 3082 καὶ
1961 3011 2280 3101 λοιδόρου·

234 3272 243 3277 ¹
479 3209 531 3270 2,
567 3210 618 3271 3,
655 3211 702 3267 4,
740 3211 772 3259 5
807 3211 878 3273 cf.
907 3212 1021 3274 182,
1045 3212 1110 3260 21
1223 3214 1255 3261 3
1293 3201 1328 3275 ἢ
1367 3201 1613 3276 ἀτυχίας
1648 3211 1830 3271 adieci,
1869 3210 1941 3271 cf.
1972 3212 2087 3271 123,
2126 3211 2187 3261 16

348 3277 410 3324 12
446 3273 596 3340 ποίῳ
633 3276 697 3326 Ρ.
746 3293 846 3327 non
879 3294 1007 3328 raro
1043 3292 1209 3328 sermo
1245 3281 1475 3341 uolam-1⁰8
1507 3281 1561 3327 in
1598 3281 1756 3328 Iocum
1790 3292 1942 3340 pron.
1979 3280 2159 3328 interr.
2194 3277 2274 3326 di·

343 3344 478 3393 recti
508 3344 765 3394 substituit
799 3347 1099 3395 indirectum
1136 3346 1288 3410 idque
1322 3348 1631 3411 praesertim
1665 3347 1718 3394 in
1754 3347 1921 3395 altero
1956 3344 2173 3395 membro

348 3412 410 3460 14
449 3405 502 3461 εἰ
537 3406 599 3461 σέ
635 3428 688 3462 τι
828 3414 892 3463 16
930 3401 1045 3462 ἀπὸ
1082 3414 1232 3463 etiam
1267 3415 1312 3462 P
1451 3415 1515 3462 22
1552 3404 1907 3475 συνετάξατο
1943 3411 2006 3461 Ρ.
2046 3429 2097 3462 u.
2133 3403 2272 3461 ἀνα·

345 3473 664 3529 τάττεσθαι
706 3481 784 3530 εἰσ
828 3480 1166 3530 adhibuerunt
1213 3480 1395 3530 Lucas
1442 3477 1605 3542 (inicio
1651 3479 1857 3543 euany.)
1914 3481 2102 3546 aliique
2145 3479 2276 3529 scri·

343 3550 523 3606 ptores
556 3549 872 3597 recentior-es
1009 3547 1075 3596 24
1112 3539 1329 3598 αὖτοῦἳ
1467 3548 1533 3596 26
1567 3545 1668 3597 καὶ
1702 3548 1871 3598 adieci
