2563 4087
385 242 512 307 266
1200 244 1444 310 Aesopus
1480 244 1507 293 I

386 405 501 471 καὶ
550 400 1017 492 περιεβλέπετο
1050 400 1172 481 τὸν
1208 398 1553 489 ἄγροικον,
1589 410 1660 470 εἴ
1685 425 1827 481 πως
1864 398 2159 480 ἀναστὰς
2196 405 2333 470 τοῦ

387 506 654 573 τοιοῦδε
687 501 1107 589 τολμήματος
1143 500 1355 589 εἶρξαι
1388 500 1602 571 αὐτὸν
1642 502 2095 590 ἐγχειρήσειεν.
2171 498 2212 570 ὃ
2250 503 2334 572 δὲ

387 604 537 675 καθ’
564 602 810 673 ἑαυτὸν
836 593 1038 683 αὖθις
1067 607 1483 673 ὃιεσκοπεῖτο
1502 603 1592 684 αἷς
1639 610 1912 691 „aldus
1943 604 2034 692 μὴ
2053 605 2334 692 παρού-

388 729 532 795 σης,
561 712 634 774 τί
655 705 742 792 δή
769 729 929 772 ποτε
955 701 1174 784 οὕτως
1200 700 1613 794 ὀργίζεταιζις
1644 703 1789 773 εἶτά
1816 723 2050 793 φησιν·
2085 712 2330 792 „olno-

341 838 367 878 5
393 806 713 893 ὃεσπότα,
748 813 814 875 εἰ
834 808 1039 874 τοῦτο
1065 807 1373 891 κέκρικας
1403 810 1550 876 δεῖν
1576 807 1916 893 γενέσθαι,
1943 805 2332 894 ὑπόμεινόν

388 935 470 996 με
504 906 744 997 μικρὸν
777 908 1005 996 μέχρις
1032 902 1118 975 ἂν
1146 905 1468 977 ἀπελθὼν
1506 911 1760 993 ἐνέγκω
1793 934 1928 994 μου
1964 910 2078 976 καὶ
2113 906 2330 987 αὐτὸς

393 1010 459 1090 ἐξ
509 1007 726 1098 ἀγροῦ
774 1007 899 1096 τὴν
947 1022 1268 1096 γυναῖκα,
1320 1008 1411 1089 ὥς
1458 1005 1547 1077 ἀν
1582 1007 1788 1096 ἄμφω
1835 1009 2001 1078 κατὰ
2038 1009 2113 1077 τό
2152 1008 2332 1079 αὐτὸ

389 1110 885 1199 κατακαύσῃςιί.
941 1113 1158 1177 ταῦτα
1184 1112 1310 1178 τοῦ
1339 1108 1595 1200 ἀνδρὸς
1636 1110 1674 1179 ὁ
1712 1109 1986 1192 Ξάνθος
2020 1108 2329 1190 ἀκούσας

389 1212 501 1281 καὶ
536 1210 612 1280 τὸ
658 1212 908 1280 τούτου
945 1209 1262 1299 ἀκέραιον
1298 1213 1413 1283 καὶ
1448 1227 1769 1298 γενναῖον
1802 1212 2192 1300 θαυμάσας,
2228 1216 2328 1302 τῷ

317 1342 366 1381 ιο
393 1311 694 1404 Αἰσώπῳ
731 1319 972 1400 φησίν·
1012 1318 1163 1398 ,,ἰ’δε
1199 1310 1474 1401 ἀληθῶς
1510 1311 1874 1401 ἄνθρωπος
1902 1312 2329 1400 ἀπερίεργος.

248 1435 253 1438 ’
394 1422 559 1501 ἔχεις
591 1414 674 1483 τὰ
701 1413 1046 1501 νικητήρια
1073 1413 1329 1501 λαβών,
1367 1424 1661 1484 Αἴσωπε.
1718 1411 1862 1494 ἅλις
1893 1420 2024 1501 ἔχει
2059 1435 2165 1482 σοι
2198 1417 2327 1483 τοῦ

391 1518 649 1585 λοιποῦ.
682 1515 758 1582 τὸ
782 1514 844 1583 δ’
873 1517 1195 1584 ἐντεῦθεν
1217 1517 1607 1606 ἐλευθερίας
1634 1519 1755 1602 τῆς
1785 1520 1907 1603 σῆς
1940 1515 2329 1605 ἐπιτεύξῃ“.

292 1629 392 1679 xv
540 1621 672 1702 Τῆς
721 1615 786 1684 δ’
841 1615 1158 1703 ἐπιούσης
1195 1614 1231 1684 ὁ
1268 1615 1542 1696 Ξάνθος
1582 1619 1852 1699 ἐπέταξε
1884 1619 1980 1708 τῷ
2019 1617 2333 1708 Αἰσώπῳ

391 1724 488 1796 εἰς
539 1718 616 1785 τό
671 1718 1037 1803 βαλανεῖον
1097 1715 1427 1787 ἀπελθεῖν
1486 1720 1603 1787 καὶ
1657 1719 2059 1803 σκέψασθαι,
2122 1725 2187 1788 εἰ
2237 1720 2334 1806 μὴ

317 1846 368 1886 15
394 1816 610 1898 πολῦς
656 1813 983 1908 πάρεστιν
1030 1814 1249 1905 ὄχλος,
1298 1819 1670 1907 βούλεσθαι
1717 1818 1849 1908 γὰρ
1898 1817 2113 1887 αὐτὸν
2155 1827 2330 1888 λου-

392 1922 617 2007 θῆναι.
674 1917 942 1988 ἀπιόντι
976 1919 1052 1989 δὲ
1089 1917 1124 1987 ὁ
1169 1920 1541 2008 στρατηγὸς
1585 1919 2013 2006 συναντήσας
2048 1923 2162 1989 καὶ
2200 1924 2327 1989 τοῦ

390 2021 672 2103 Ξάνθου
700 2021 912 2108 γνοῦς
941 2021 1156 2091 αὐτὸν
1185 2019 1374 2112 ὄντα,
1409 2020 1604 2114 ἤρετο
1631 2038 1755 2092 ποῖ
1777 2021 2150 2132 πορεύοιτο.
2202 2025 2329 2091 τοῦ

394 2124 468 2192 δὲ
520 2123 698 2211 „ofin
735 2122 936 2192 οἶδα(ς
989 2126 1326 2212 φαμένου,
1371 2133 1656 2213 νομίσας
1705 2123 1741 2193 ὁ
1792 2124 2167 2212 στρατηγὸς
2203 2125 2332 2212 τὴν

395 2224 720 2312 ἐρώτησιν
756 2223 969 2293 αὐτοῦ
1009 2223 1157 2315 παρ’
1198 2224 1410 2295 οὐδὲν
1444 2231 1867 2313 λογισθῆναι,
1920 2232 2019 2305 εἰς
2054 2224 2331 2332 εἱρκτήν

528 2490 553 2538 1
593 2484 999 2556 περιεβλέπετο
1037 2493 1088 2540 in
1121 2490 1171 2540 R
1207 2506 1346 2541 corr.
1386 2508 1456 2541 ex
1492 2484 1897 2556 περιέβλεπετο
2000 2481 2041 2539 ἄ
2081 2505 2248 2553 ρικον
2281 2489 2327 2538 Ρ

392 2547 666 2622 ἀγροῖκον
711 2558 757 2607 Ε
929 2556 1032 2608 τοῦ
1079 2555 1240 2609 τοιοῦ
1286 2551 1353 2608 δὲ
1397 2557 1439 2607 Ζ
1495 2549 1892 2608 τουτοιοῦ-του
1938 2551 2004 2608 δὲ
2105 2574 2118 2619 3
2183 2561 2235 2606 in
2280 2557 2328 2619 Q

389 2625 585 2688 syllaba
631 2622 699 2676 δε
753 2627 807 2675 in
848 2641 1064 2685 rasura,
1122 2622 1180 2674 in
1225 2625 1274 2674 R
1320 2628 1351 2674 l.
1401 2642 1439 2676 υ
1482 2643 1531 2675 u.
1577 2624 1678 2676 τοῦ
1725 2633 1776 2675 et
1821 2628 1854 2675 l.
1904 2642 1924 2675 ι
1968 2642 2016 2677 ιι.
2072 2640 2162 2675 τοι
2208 2641 2331 2675 cor-

390 2699 566 2742 rectae
618 2699 734 2742 sune
903 2695 934 2741 2
991 2690 1182 2756 εἴρξας
1238 2692 1283 2754 Q
1347 2692 1614 2757 (accentus
1666 2695 1718 2742 in
1768 2694 2007 2755 rasura).
2071 2687 2229 2756 εἶξαι
2279 2691 2329 2740 Α

396 2756 547 2822 εἶξαι
573 2758 625 2838 rP
764 2750 1117 2825 ἔγχειρήσιεν
1153 2759 1193 2807 Ζ
1317 2763 1348 2810 3
1387 2752 1566 2812 αὑτὸν
1603 2761 1654 2810 Κ
1678 2760 1717 2808 Ζ
1730 2776 1777 2838 2⁷
1913 2762 1949 2810 4
1985 2749 2245 2823 δήποται
2279 2760 2328 2820 Q

527 2840 695 2884 ουτος
732 2826 778 2872 V
815 2831 866 2875 in
899 2830 1034 2876 serie
1069 2828 1337 2877 uerborum
1382 2830 1453 2891 (in
1488 2845 1647 2893 mar-9.
1689 2844 1867 2887 ουτως
1902 2844 1971 2877 m.
1995 2825 2102 2891 pr.)
2139 2826 2188 2875 A
2233 2820 2331 2877 οὔ·

391 2907 486 2951 τος
521 2892 566 2941 Ρ
705 2888 1088 2945 οἰκοδέσποτα
1124 2894 1172 2943 R
1196 2895 1248 2944 K
1270 2895 1312 2944 Z
1337 2910 1392 2957 v,
1428 2911 1519 2945 om.
1563 2895 1611 2946 Φ
1767 2896 1798 2945 6
1834 2910 1904 2959 με
1938 2897 1992 2944 in
2027 2893 2073 2955 Q
2112 2896 2238 2946 odd.
2277 2897 2330 2944 ἰη

389 2962 527 3009 Ιίηεα
561 2966 796 3010 extrema
830 2976 898 3011 m.
922 2977 1024 3027 pr„
1074 2977 1171 3027 μοι
1207 2962 1257 3012 V
1281 2962 1347 3024 R,
1385 2955 1533 3028 ὃήμε
1570 2962 1618 3013 Φ
1787 2953 1860 3013 ἂν
1895 2964 1948 3012 in
1981 2961 2029 3010 A
2065 2962 2189 3011 add.
2223 2962 2272 3011 A
2294 2963 2328 3011 2

527 3028 557 3077 7
594 3018 751 3076 οὖσάν
787 3028 842 3077 Η
980 3025 1339 3079 κατατοαυτό
1365 3030 1436 3092 V,
1461 3029 1502 3079 P
1541 3030 1659 3091 (sed
1681 3046 1832 3081 eraso
1856 3036 2067 3080 accentu
2103 3032 2191 3095 qui
2213 3037 2331 3080 erat

389 3098 441 3145 in
475 3087 670 3157 κατὰ),
706 3088 854 3145 κατὰ
892 3088 1099 3147 τοαυτό
1140 3098 1214 3159 Μ,
1249 3098 1301 3146 D
1344 3096 1438 3162 (ex
1472 3098 1634 3162 corr.)
1774 3099 1808 3150 8
1841 3087 1933 3148 ἀκ.
1970 3089 2001 3149 ὁ
2041 3095 2088 3160 ξ.
2127 3097 2175 3147 R

390 3164 422 3213 9
458 3158 684 3227 θαῦμα,
719 3161 764 3210 Ρ
939 3165 1002 3213 10
1048 3158 1270 3215 αἰσῶπο
1312 3166 1356 3215 Ρ
1529 3159 1626 3215 ἀπ.
1672 3154 1846 3229 ἀνθρ.
1893 3165 2016 3216 ΦῙ)
2067 3163 2244 3225 (etiam
2279 3164 2326 3227 Q

391 3220 568 3295 ἀνθρ.
608 3222 740 3292 ἀπ.)
864 3232 925 3279 11
964 3220 1124 3290 ἄλλας
1158 3231 1203 3281 Ρ
1327 3228 1464 3298 ἔχει]
1505 3227 1657 3299 ἔχοις
1692 3233 1743 3284 V
1778 3233 1831 3297 (l.
1870 3247 1901 3283 ο
1939 3231 2176 3295 detrita),
2217 3227 2328 3297 ἔχω

392 3297 436 3359 Q
474 3296 540 3360 (ω
574 3298 628 3346 in
663 3297 793 3361 ras.)
968 3295 1076 3364 σοι]
1120 3313 1223 3349 σου
1257 3299 1318 3349 Μ
1488 3298 1614 3365 τοῦ]
1657 3315 1761 3351 του
1799 3302 1871 3362 M,
1907 3315 2015 3351 acc.
2055 3300 2157 3351 del.

392 3368 454 3415 12
491 3359 554 3415 τὸ
593 3359 662 3416 δὲ
697 3364 745 3413 Α
781 3360 916 3417 τοδε
951 3366 996 3415 Ρ
1135 3354 1413 3418 εὖτεῦθεν
1449 3368 1503 3417 Η
1657 3358 1890 3433 έπιτέξη
1925 3367 1974 3416 Α
2124 3368 2189 3418 15
2226 3358 2332 3419 αὖ·

390 3425 492 3482 τὸν
528 3433 563 3482 b
671 3435 735 3482 16
771 3431 890 3499 καὶ]
929 3432 1030 3498 τῆς
1065 3434 1100 3483 b
1141 3435 1272 3484 1534
1379 3436 1440 3484 17
1480 3426 1690 3496 ξάντου
1725 3435 1765 3483 Ζ
1881 3423 1939 3499 ἤ.
1975 3432 2092 3486 ποῦ
2128 3434 2178 3483 A
2200 3434 2253 3484 D
2280 3435 2327 3497 Q

388 3490 561 3561 ἤρετό
593 3515 708 3551 που
743 3500 788 3549 Ρ
822 3491 879 3566 ἤ.
915 3499 995 3564 πῆ
1034 3500 1091 3549 Μ
1115 3501 1160 3550 Ε
1186 3500 1242 3550 H
1378 3492 1651 3568 πορεῦετο
1690 3503 1730 3551 Ζ
1859 3505 1923 3552 19
1959 3493 2135 3554 αὐτοῦ
2172 3518 2206 3552 a

391 3561 687 3627 παρουδὶν
721 3568 777 3616 Η
799 3568 845 3617 Ε
990 3562 1221 3635 εἱρκτὴν
1256 3568 1308 3619 V
1331 3568 1377 3630 Q
1418 3562 1657 3636 ἑρρκτήν
1693 3571 1738 3620 Ρ
