2563 4087
1048 246 1296 310 Aesopus
1332 245 1359 294 I
2046 244 2186 310 255

238 401 458 489 σπότῃ
495 427 630 488 μου
668 399 961 470 εὐνοεῑ.“
1027 399 1437 489 ἀφικόμενος
1475 392 1604 469 οὖν
1640 408 1737 482 εἰς
1773 402 1898 490 τὴν
1947 410 2175 472 οἰκίαν

231 504 345 570 καὶ
374 509 669 583 καθίσας
700 505 775 571 ἐν
801 505 896 594 τῷ
926 502 1248 594 προδόμῳ
1285 504 1400 572 καὶ
1421 502 1551 590 τὴν
1578 504 1941 572 δέσποιναν
1973 508 2173 573 έκκα-

236 605 464 691 λέσας,
500 602 625 690 τὴν
663 609 964 693 σπυρίδα
998 606 1136 672 τῶν
1169 608 1469 694 μερίδων
1508 607 1924 693 ἐπίπροσθεν
1959 600 2173 693 αὐτῆς

230 706 490 774 τέθεικε
516 713 638 775 καί
661 726 825 792 φησι
841 723 854 737 ·
885 706 1283 792 ,,δε’σποινα,
1301 708 1518 774 ταῦτα
1546 705 1769 774 πάντα
1789 705 1824 774 ὁ
1847 707 2172 795 δεσπότης

230 808 591 893 πέπομφεν
644 805 726 874 οὐ
785 813 920 892 σοί,
973 805 1145 874 ἀλλὰ
1200 809 1285 895 τῇ
1342 806 1755 895 εὐνοούσῃ“.
1861 809 1975 877 καὶ
2046 808 2224 895 τὴνε,

229 905 407 975 κύνα
443 909 732 986 καλέσας
767 909 882 976 καὶ
918 908 1130 978 εἰπών
1179 910 1413 994 ,,ε’λθέ,
1452 908 1766 995 λύκαινα,
1818 908 2018 995 φάγε,
2064 911 2174 978 σοὶ

231 1008 362 1097 γὰρ
392 1006 429 1076 ὁ
459 1008 787 1097 δεσπότης
817 1012 1109 1096 δοθῆναι
1131 1011 1349 1078 ταῦτα
1380 1007 1771 1095 ἕπε’ταξενίί,
1818 1009 1949 1078 ἀνὰ
1969 1011 2173 1099 μέρος

231 1112 315 1197 τῇ
355 1111 518 1178 κυνὶ
567 1109 792 1178 πάντα
840 1112 1194 1198 παρέβαλε.
1278 1111 1444 1196 μετὰ
1496 1109 1572 1179 δὲ
1606 1111 1807 1183 τοῦτο
1844 1109 2014 1198 πρὸς
2050 1110 2174 1180 τὸν

231 1210 569 1298 δεσπότην
624 1211 828 1279 πάλιν
882 1212 1108 1280 έλ-θών
1156 1213 1271 1280 καὶ
1324 1213 1690 1300 ἐρωτηθεὶς
1738 1218 1804 1280 εί
1847 1216 1930 1299 τῇ
1970 1210 2172 1280 εὔνο-

231 1312 406 1400 οῦσῃ
445 1313 700 1381 δέδωκε
748 1312 994 1399 πάντα,
1045 1313 1392 1401 ,,ποὲντα“,
1442 1319 1631 1400 φησί,
1679 1313 1840 1399 ,,καὶ
1882 1311 2172 1382 ε’νιόπιον
2198 1343 2251 1382 10

233 1415 399 1499 ἐμοῦ
440 1412 663 1482 πάντα
698 1413 1105 1501 κατέφαγείι.
1177 1416 1300 1482 τοῦ
1340 1413 1418 1482 δὲ
1457 1414 1954 1502 ἐπανερομένου
2008 1416 2171 1501 ,,καὶ

229 1522 302 1584 τί
335 1539 498 1583 ποτε
533 1512 666 1604 ἄρα
705 1517 1035 1584 ἐσθίουσα
1075 1513 1388 1601 ἔλεγενιίς
1428 1518 1713 1596 ἐκεῖνος·
1761 1516 1960 1602 ,,έμοὶ
1995 1514 2166 1602 μένἐς

230 1623 446 1704 φησίν
485 1612 683 1704 ,,ου’δ’
712 1615 946 1684 ὁτιοῦν
982 1626 1230 1705 εἴρηκε,
1266 1615 1420 1684 καθ’
1464 1616 1712 1703 ἑαυτὴν
1741 1618 1824 1685 δέ
1846 1637 1951 1686 σοι
1976 1616 2170 1705 χάρι-

226 1745 347 1797 τας
396 1715 623 1806 ᾔδει“.
708 1715 748 1805 ἡ
793 1718 1024 1805 μέντοι
1079 1717 1255 1805 γυνὴ
1306 1719 1427 1786 τοῦ
1475 1719 1756 1798 Ξάνθου
1807 1719 2172 1807 συμφορὰν

226 1819 303 1887 τὰ
354 1821 633 1907 πρᾶγμα
682 1818 1095 1907 ποιησαμένη
1154 1817 1271 1888 ἅτε
1319 1819 1403 1906 δὴ
1454 1822 1739 1908 δευτέρα
1793 1824 1912 1907 τῆς
1961 1820 2171 1899 κυνὸς
2199 1845 2248 1886 15

231 1923 631 2006 ἐλεγχθεῖσα
657 1925 741 2008 τῇ
773 1920 942 2008 πρὸς
969 1920 1089 1988 τὸν
1117 1919 1336 2005 ἄνδρα
1366 1917 1630 2010 εὐνοίςὶ,
1658 1920 1770 1987 καὶ
1801 1921 2171 1988 ἐπειποῦσα

226 2011 442 2110 ἦμὴν
492 2023 724 2110 μηκέτι
773 2024 896 2091 τοῦ
960 2026 1202 2091 λοιποῦ
1256 2021 1678 2109 συνοικήσειν
1732 2016 1946 2112 αὐτῷ,
2011 2030 2171 2090 εἴσω

228 2126 672 2212 παρελθοῦσα
731 2126 854 2192 τοῦ
905 2126 1224 2204 κοιτῶνος
1274 2123 1564 2213 ἐθρήνει.
1650 2126 1771 2191 τοῦ
1827 2122 1903 2191 δὲ
1951 2123 2169 2192 πότου

226 2225 732 2315 προκόπτοντος
792 2226 905 2293 καὶ
951 2225 1336 2313 ζητημάτων
1383 2225 1556 2313 πρὸς
1605 2220 1944 2315 ἀλλήλους
1993 2250 2165 2317 προ-
2200 2253 2372 2306 μιου.

367 2442 394 2489 1
436 2390 638 2491 sivos}
664 2440 713 2489 R
752 2430 924 2505 εὖνοῆ
963 2441 1007 2490 Ρ
1179 2443 1211 2489 2
1254 2432 1527 2506 καθήσας
1564 2440 1609 2501 Q
1784 2431 2090 2504 προδρόμου
2125 2440 2171 2488 Ρ

225 2509 262 2559 b
302 2510 455 2559 1547.
504 2500 570 2559 έν
605 2505 681 2557 τῶ
716 2523 813 2574 πρ.
851 2524 902 2559 κ.
941 2525 990 2561 τ.
1028 2506 1082 2560 δ.
1119 2499 1433 2567 ἐκκαλέσας
1468 2525 1560 2559 οηι.
1598 2508 1665 2556 Z:
1713 2524 1746 2558 a
1782 2507 1958 2571 quibus
2000 2506 2172 2556 uerbis

222 2579 278 2626 in
315 2592 350 2625 a
385 2591 546 2626 nouus
580 2577 760 2637 incipit
795 2590 972 2625 uersus
1084 2577 1117 2624 4
1153 2570 1423 2626 τέθεικεν
1459 2575 1517 2623 Μ
1540 2576 1587 2624 Ε
1626 2571 1841 2639 τέθηκε
1877 2574 1928 2622 V
2041 2569 2168 2623 τέθ.

223 2641 349 2704 καὶ]
388 2637 642 2707 θέμενος
679 2642 727 2692 Φ
841 2646 873 2692 5
908 2638 1213 2707 πέμποφεν
1254 2644 1299 2704 Q
1416 2638 1546 2708 τὴν]
1589 2635 1693 2692 τὸν
1727 2640 1775 2691 Φ
1899 2643 1930 2689 6
1965 2641 2170 2690 litterae

225 2704 402 2764 λῦκαι
439 2713 493 2761 in
527 2728 718 2761 rasura
754 2710 903 2772 Q'm.
928 2727 1009 2775 pr.
1181 2707 1298 2776 σοὶ]
1338 2701 1407 2760 σὺ
1444 2711 1490 2760 Ε
1515 2710 1571 2758 Η
1741 2710 1771 2758 7
1817 2707 2002 2758 ταῦτα
2039 2699 2169 2757 ἔπε’-

223 2778 402 2843 ταξεν
439 2776 699 2845 δοθῆναι
735 2778 787 2827 Κ
809 2778 850 2826 Ζ
875 2794 926 2837 v,
969 2775 1020 2830 δ.
1061 2774 1243 2827 ταῦτα
1277 2772 1568 2842 παρέβαλε
1603 2768 1689 2827 ἐπ.
1723 2777 1889 2826 deleto
1915 2792 1965 2829 u.
1991 2770 2169 2839 παρέ-

224 2846 369 2913 βαλε
404 2849 473 2911 R,
513 2844 564 2897 δ.
606 2844 791 2897 ταῦτα
829 2838 1023 2896 πάντα
1055 2837 1142 2895 ἐπ.
1178 2843 1230 2893 D
1404 2847 1436 2895 8
1472 2839 1685 2906 πάντα]
1733 2841 1915 2894 ταῦτα
1951 2843 1999 2893 R

222 2909 394 2982 πρὸς]
439 2910 523 2973 εἰς
559 2914 606 2964 V
769 2916 832 2964 10
868 2905 1098 2972 πάντως
1135 2912 1285 2978 φησί
1318 2912 1366 2962 Φ
1529 2902 1776 2964 ἐνώπιόν
1813 2927 1926 2976 μου
1961 2911 2010 2960 R

226 2987 289 3033 11
328 2975 782 3046 ἔπαινερομένου
817 2981 858 3029 Ζ
895 2973 1335 3045 ἐπανερωμένου
1373 2979 1497 3059 ΕτΗ
1633 2977 1741 3029 καί
1771 2969 1961 3030 τιποτ’
2001 2979 2046 3040 Q

227 3054 291 3101 13
328 3040 639 3101 οὗδοτιοῦν
675 3050 733 3099 Μ
754 3050 805 3099 V
828 3050 880 3099 K
905 3050 949 3098 E
977 3050 1030 3098 H
1054 3049 1089 3098 b
1137 3038 1340 3100 ου’δότι
1377 3064 1482 3099 ουν
1518 3048 1561 3097 Ρ
1609 3037 1743 3097 οὐδ’
1780 3038 1982 3098 ὁτιοῦν
2018 3063 2169 3096 eraso

224 3120 313 3185 qui
347 3123 399 3168 in
435 3118 471 3168 ῦ
509 3125 627 3167 erat
659 3120 848 3182 spiritu
884 3118 929 3179 Q
1074 3115 1302 3182 εἴρηκεν
1336 3115 1395 3164 Μ
1420 3116 1468 3167 Φ
1506 3113 1743 3182 (εἴρικεν
1779 3115 1844 3180 P)
1980 3129 2068 3164 σοι
2104 3115 2169 3176 Q,

223 3189 278 3237 in
314 3190 476 3237 locum
512 3188 654 3235 erasi
687 3186 829 3236 cuv?
991 3188 1055 3234 14
1091 3180 1200 3250 μέν
1238 3200 1327 3234 τοι
1364 3200 1398 3232 v
1434 3200 1592 3248 saepe
1749 3185 1812 3234 15
1850 3178 2168 3249 οἰησαμένη

225 3252 312 3320 (Ζ)
338 3255 396 3318 b,
439 3249 783 3319 λογισαμένη
825 3255 876 3314 (l.
907 3271 928 3302 ι
951 3254 1185 3304 radendo
1207 3253 1358 3315 facta
1382 3269 1452 3304 eae
1476 3253 1534 3316 η)
1742 3243 1843 3316 δὴ]
1882 3247 1982 3300 καὶ
2018 3249 2066 3299 Φ

223 3320 328 3374 τοῦ
363 3316 543 3380 κυνὸς
575 3321 629 3380 ,Φ
668 3313 986 3385 (τουκεινὸς
1022 3321 1087 3386 Ρ)
1229 3323 1292 3370 16
1330 3311 1573 3385 ἔλεχθεῖ
1677 3318 1726 3368 R
1754 3319 1879 3397 Enfl
1906 3318 1950 3378 Q
1984 3319 2168 3380 primo,

222 3392 322 3440 sed
352 3406 517 3454 supra
552 3404 656 3439 scr.
694 3406 728 3454 γ
904 3384 1004 3439 τὸν
1042 3406 1135 3439 οηι.
1173 3389 1218 3438 P
1387 3391 1448 3439 17
1485 3377 1525 3453 ἢ
1557 3380 1674 3454 μὴν
1709 3386 1759 3436 R
1794 3401 1951 3451 ημην
1986 3384 2031 3432 Ε
2057 3384 2113 3432 Η
2135 3385 2171 3434 b

361 3499 570 3572 μήκέτι
609 3507 659 3555 Η
765 3473 1206 3586 Ισεχνοικηῗῖἦῳ1),
1244 3522 1331 3557 ειν
1369 3508 1491 3556 add.
1530 3505 1580 3555 D
1607 3508 1638 3555 2
1762 3505 1824 3554 18
1860 3498 2101 3560 κιτῶνος
2138 3518 2172 3550 a

364 3578 429 3626 19
458 3589 896 3642 προτινομενων
931 3574 979 3623 Α
1016 3570 1514 3639 προτεινουμένων
1550 3590 1582 3623 a
