2563 4087
388 233 522 297 234
1210 232 1456 296 Aesopus
1483 215 1519 281 '1

392 389 723 481 λαβόντος
767 390 887 458 τὸν
922 390 1250 458 Αἴσωπον
1297 390 1411 456 καὶ
1460 387 1585 475 τὴν
1618 384 1764 457 κατ’
1820 384 2036 454 αὐτοῦ
2085 391 2345 455 δεσπο-

395 502 587 563 τείαν
606 490 793 582 αὐτῷ
816 490 1371 577 άναγγείλαντος,
1413 492 1668 568 ἐκεῖνος
1693 485 1777 574 ,,ὅ
1803 515 1867 555 τι
1892 487 2145 574 δήποτε
2162 495 2347 576 βου-

400 597 666 684 λομένςο
705 601 819 661 σοι’
854 589 1049 661 ἐστι“
1090 599 1304 679 φησίν
1343 588 1753 679 ,,ἔργασαι“.-
2028 618 2033 621 ’
2238 626 2246 632 ·

317 718 397 767 IV
535 693 725 764 Κατὰ
764 693 841 762 δὲ
878 692 963 780 δή
996 720 1146 781 τινα
1193 692 1409 781 τύχην
1459 691 1710 780 ἀνδρός
1758 717 1936 770 τινος
1971 690 2184 778 κτήνη
2224 698 2261 773 ζ
2307 729 2345 739 -·

349 828 373 866 5
400 801 685 875 τοῦντος
734 803 1064 883 πρίασθαι
1113 797 1227 863 καὶ
1276 794 1386 863 διὰ
1434 797 1651 862 ταῦτα
1698 790 1820 861 τὸν
1870 792 2085 880 ἀγρὸν
2121 792 2346 860 διιόν-

399 925 514 977 τος
537 900 797 966 ἐκεῖνον
823 899 940 965 καὶ
967 896 1091 965 τὸν
1112 899 1345 984 Ζηνᾶν
1368 896 1723 984 ἐρομένου,
1744 894 1997 973 ἐκεῖνος
2019 893 2347 981 ,βρέμμα

401 998 527 1087 μὲν
561 997 691 1067 ὀὐκ
741 1005 876 1068 ἔστι
910 996 1067 1086 μοι“
1118 1006 1329 1086 φησίν
1383 995 1837 1084 ,,άποδόσθαι,
1885 995 2226 1083 σωμάτιον
2267 994 2346 1063 δὲ

403 1100 640 1190 ἄρρεν·
697 1098 863 1189 ὅπερ
901 1106 967 1169 εί
996 1100 1218 1180 θέλεις
1257 1097 1673 1185 ὠνήσασθαι,
1711 1095 2056 1185 πάρεστιίί.
2110 1100 2241 1165 τοῦ
2275 1096 2339 1165 δ’

195 1246 244 1286 1).
262 1234 313 1272 14
329 1233 365 1272 b.
406 1202 703 1292 ἐμπόρου
734 1201 1076 1290 φήσαντος
1111 1199 1603 1287 ύποδειχθῆναι
1638 1199 1824 1290 αὐτῷ
1858 1197 1936 1267 τὸ
1975 1199 2346 1286 σωμάτιον,

327 1335 376 1374 10
404 1306 519 1373 καὶ
580 1307 703 1372 τοῦ
770 1305 959 1390 Ζηνᾶ
1019 1302 1165 1370 τὸν·
1201 1312 1530 1373 Αἴσωπον
1587 1302 2271 1389 μεταπεμψαμένου,
2308 1299 2345 1367 ὁ

406 1412 696 1494 ἔμπορος
773 1404 943 1473 ἰδών
1006 1402 1221 1472 αὐτὸν
1283 1405 1397 1472 καὶ
1474 1401 1989 1488 άνακαγχάσας,
2072 1402 2347 1489 ,,πόθεν

405 1506 566 1581 σοι(ς
608 1507 775 1594 φησὶ
813 1506 984 1594 πρὸς
1017 1506 1142 1574 τὸν
1180 1507 1413 1593 Ζηνᾶν
1454 1502 1633 1592 ,,ἥδε
1668 1500 1711 1591 ἡ
1745 1502 1997 1590 χύτρας
2048 1502 2347 1591 πότερον

405 1608 712 1693 στέλεχός
769 1609 905 1675 ἐστι
970 1607 1262 1695 δένδρου
1317 1603 1358 1694 ἢ
1412 1605 1810 1694 ἅνθρωπος;
1875 1595 2077 1685 οὗτος
2130 1611 2196 1672 εἰ
2252 1605 2346 1693 μὴ

404 1709 642 1796 φωνὴν
692 1706 895 1796 εἶχεν,
944 1706 1150 1777 οὐδὲν
1197 1704 1286 1776 ἂν
1339 1713 1471 1777 ἔδει
1518 1706 1609 1795 μὴ
1657 1705 1813 1792 οὐχὶ
1863 1711 2090 1775 δοκεῖν
2127 1705 2348 1774 ἀσκο-

250 1804 264 1821 ’
328 1839 377 1878 15
404 1810 590 1897 κήλη.
665 1814 780 1877 ἵνα
815 1816 886 1877 τί
915 1836 1026 1896 μοι
1063 1810 1187 1897 τὴν
1221 1817 1506 1898 πορείαν
1543 1810 1861 1888 διέκοψας
1898 1812 2177 1876 τουτουὶ
2215 1811 2345 1877 τοῦ

402 1912 840 1999 καθάρματος
870 1911 1065 1981 ἕνεκα
1085 1910 1163 1994 ;“
1201 1909 1397 1980 ταῦτ’
1440 1909 1654 1980 εἰπών
1682 1908 1884 1998 ἀπῄει
1908 1910 2035 1995 τὴν
2067 1911 2342 1978 ἑαυτοῦ.

404 2012 440 2083 ὁ
492 2013 554 2083 δ’
598 2022 919 2094 Αἴσωπος
969 2014 1380 2101 μεταδιώξας
1426 2010 1666 2099 αὐτόν,
1718 2009 2051 2100 ,,μεῐνον,“
2105 2020 2344 2099 φησίν.

404 2114 443 2183 ὃ
482 2115 558 2184 δὲ
592 2123 1110 2203 μεταστραφείς,
1161 2112 1452 2204 ,,ἅπιθι“
1504 2122 1716 2202 φησίν
1756 2112 1919 2202 ,,άπ’
1964 2116 2156 2200 ἐμοῦ,
2209 2117 2348 2201 ῥυ-

404 2216 757 2303 παρώτατε
793 2215 1033 2285 κύον“.
1108 2219 1222 2285 καὶ
1259 2214 1296 2284 ὁ
1336 2225 1686 2294 Αἴσωπος·
1741 2217 1940 2303 ,,είπε’
1969 2241 2105 2302 μοι,
2152 2223 2347 2294 τίνος

318 2348 379 2386 20
408 2320 634 2387 ἕνεκεν
669 2319 874 2403 δεῦρο
906 2317 1332 2402 ἐλήλυθας“;
1370 2320 1484 2385 καὶ
1521 2316 1556 2385 ὁ
1598 2323 1905 2405 ἔμπορος·
1945 2315 2347 2405 ,,κάθαρμα,

543 2552 604 2600 19
642 2546 741 2600 καὶ
777 2549 1051 2600 abscissum
1080 2550 1244 2614 periit
1276 2550 1329 2597 in
1364 2548 1419 2597 M
1581 2550 1612 2597 2
1652 2539 2101 2614 ἀναγκείλαντος
2135 2548 2180 2597 Ρ

405 2610 626 2677 ἐκεῖνος
660 2621 839 2701 priore
875 2621 985 2669 loco
1016 2619 1435 2682 praetermissum
1466 2633 1567 2680 pro
1603 2634 1651 2670 u.
1692 2611 1811 2667 ἐστι
1846 2613 2104 2667 substituit
2140 2615 2186 2676 Q

399 2689 434 2735 4
483 2682 549 2736 δὲ
587 2683 685 2751 (δε
722 2686 793 2751 R)
840 2702 971 2736 τινα
1018 2683 1225 2750 (omissa
1258 2701 1312 2747 p.
1351 2676 1449 2748 δὴ)
1486 2683 1611 2733 RK
1764 2675 1957 2743 Δτινὸς
1993 2700 2087 2734 om.
2123 2683 2172 2732 R

402 2757 435 2803 5
482 2747 772 2803 διαταῦτα
817 2752 1020 2802 MRD
1046 2752 1092 2802 E
1138 2761 1194 2802 ut
1236 2767 1395 2817 saepe
1566 2768 1600 2801 a
1644 2769 1694 2801 u.
1741 2743 1960 2810 ἐκεῖνος
2001 2752 2187 2815 incipit
2229 2753 2348 2801 cod.

400 2818 575 2883 Lugd.
612 2818 841 2868 Vulcan.
879 2822 945 2870 93
980 2819 1076 2884 (U)
1110 2822 1153 2885 f.
1193 2822 1289 2870 116
1462 2821 1492 2869 7
1530 2816 1799 2884 φηφησὶν
1836 2820 1883 2869 V
1918 2809 2097 2883 φησιή
2135 2818 2184 2866 F
2304 2841 2329 2858 -·

397 2890 434 2937 8
474 2883 615 2948 alfia]
653 2877 880 2944 ἐθέλεις
915 2886 983 2949 D,
1020 2903 1159 2938 corr.
1196 2888 1246 2936 D
1272 2889 1304 2937 2
1425 2878 1703 2950 πάρεστιν
1737 2886 1796 2935 Μ
1918 2881 1983 2937 δὲ
2017 2886 2064 2935 F
2088 2884 2140 2934 U
2165 2885 2207 2933 Z
2234 2886 2286 2935 K
2309 2902 2347 2934 v

538 2946 1041 3035 9fiuodscgofivm
1076 2954 1125 3004 R
1226 2946 1371 3005 αὐτὸ
1408 2954 1476 3015 D,
1512 2970 1649 3030 cors.
1688 2946 1846 3018 αὐτῷ
1879 2955 1930 3003 D
1957 2955 1988 3002 2
2096 2955 2157 3003 11
2199 2946 2346 3004 ἀνα-

398 3027 698 3086 γκαχασας
722 3020 779 3069 Μ
816 3014 1266 3088 αναγκαγχάσας
1289 3022 1337 3071 R
1446 3024 1508 3071 12
1544 3037 1684 3072 ποτε
1719 3022 1768 3071 R
1875 3024 1938 3073 13
1971 3015 2275 3087 στέλεγχος
2299 3021 2346 3070 Ρ

540 3080 657 3139 ἐστὶ
694 3104 850 3138 erasa
884 3092 919 3142 l.
958 3104 995 3137 v
1018 3090 1063 3151 Q
1237 3092 1302 3139 14
1339 3093 1560 3153 φωνεῖν
1595 3090 1639 3140 Ρ
1815 3080 1972 3156 οὐχὶ]
2014 3082 2081 3139 οὐ
2117 3089 2169 3137 D

406 3158 469 3206 15
516 3149 679 3207 ἴνατί
708 3155 754 3204 Ε
780 3156 817 3206 J
841 3157 887 3217 Q
938 3147 1097 3207 ΐνάτι
1130 3157 1184 3207 Η
1225 3165 1279 3206 ut
1313 3174 1471 3222 saepe
1641 3155 1939 3221 avolavv
2106 3152 2347 3233 reptavi

397 3240 539 3274 corr.
561 3240 631 3275 ex
652 3221 858 3275 τοῦτον
875 3225 920 3286 Q
941 3240 1009 3274 m.
1022 3239 1102 3290 pr.
1214 3227 1275 3274 16
1304 3218 1475 3275 ἕνεκα
1498 3225 1565 3274 V:
1595 3219 1793 3276 ἕνεκεν
1817 3226 1978 3274 ceteri
2078 3214 2267 3274 τάυτα
2293 3221 2348 3270 U

437 3353 442 3359 Ι
540 3283 717 3370 ἀπείη
754 3293 800 3342 Ε
883 3283 1144 3370 θὲαυτοῦ]
1185 3283 1398 3343 ἑαυτοῦ
1434 3284 1578 3343 ὁδὸν
1612 3293 1662 3341 Κ
1688 3292 1739 3341 U
1763 3292 1803 3340 Z
1828 3291 1931 3342 FJ
1954 3306 1991 3339 v
2096 3294 2158 3341 17
2199 3284 2265 3341 δὲ
2291 3290 2347 3340 U

541 3362 603 3410 18
641 3357 766 3423 οδε,
803 3361 843 3409 Ζ
880 3376 911 3410 ο
951 3350 1061 3414 δ’.’.
1100 3360 1159 3410 Μ
1189 3360 1425 3422 fenestra
1458 3377 1559 3410 una
1581 3363 1665 3410 uel
1699 3363 1831 3410 duae
1866 3363 2070 3410 litterae
2104 3359 2349 3408 uidentur

398 3430 622 3491 periisse
724 3440 868 3493 φησι
903 3427 951 3476 A
1062 3421 1478 3492 ῥυπαρώτατον
1514 3420 1655 3479 κύον
1700 3420 1866 3491 (κύον
1898 3443 1965 3475 m.
2003 3441 2083 3491 pr.
2121 3430 2173 3474 in
2208 3423 2346 3489 ναε.)

401 3498 449 3545 A
484 3488 638 3545 κύων
675 3496 794 3545 libri
822 3501 1042 3559 praeter
1075 3496 1124 3544 A
1228 3497 1292 3545 19
1333 3490 1462 3546 εἰπέ
1498 3510 1597 3560 μοι
1630 3503 1749 3559 post
1774 3493 1930 3553 τίνος
1954 3489 2152 3545 ἕνεκεν
2185 3494 2240 3544 U

403 3562 470 3610 20
507 3555 678 3611 ἕνεκα
712 3562 779 3626 Ε,
820 3578 921 3615 ..εν
956 3578 1027 3612 ex
1063 3578 1138 3613 ..α
1170 3563 1301 3626 fecit
1337 3561 1382 3623 Q
1419 3564 1489 3617 m‘.
1515 3577 1595 3627 pr.

2546 3515 2552 3610 4

2414 3661 2552 4033 ¹}
