2563 4087
2 10 486 241 ,Γ

19 3509 24 3606 ¹

2016 229 2139 302 179

177 385 320 471 τὴν
332 381 554 452 νύκτα
565 382 971 470 κοπιάσασα,
991 379 1138 451 οὐδ’
1156 378 1331 460 ὅλως
1355 380 1592 462 ἔξοδόν
1612 407 1761 449 τινα
1784 379 2141 470 εὑρηκέναι

182 496 470 573 ἴσχυσε·
509 486 627 571 τῆς
666 482 742 551 δέ
768 510 844 570 γε
879 481 1136 571 ἡμέρας
1169 482 1684 571 διαυγαζούσης,
1722 487 2139 569 διελογίσατο

175 584 360 656 καθ’
417 582 668 671 ἑαυτὴν
703 586 817 653 καὶ
854 583 1043 654 εἶπεν
1081 583 1172 664 ὥς
1212 583 1435 673 ἐἴπερ
1472 582 1513 672 ἡ
1550 583 1769 673 ἡμέρα
1809 586 2139 673 ἐπισταίη,

174 686 333 757 ὑπὸ
371 690 511 755 τῶν
547 687 780 755 κυνῶν
824 686 1290 775 θεαθήσομαι,
1337 688 1452 754 καὶ
1502 683 1584 754 οὐ
1625 685 1958 775 πρότερόν
2003 712 2136 773 μου

175 787 664 875 ἀπόσχωνται,
718 785 908 876 ἄχρις
944 785 1031 856 ἄν
1067 814 1199 875 μου
1238 787 1360 868 τὰς
1397 787 1650 876 σάρκας
1688 792 2135 877 διαμερίσων-
2188 814 2214 855 5

172 917 316 959 ται.
393 887 545 957 ἀλλ’
604 894 815 976 ἔγωγε
863 888 1059 976 οἶδα,
1106 898 1179 958 τί
1222 916 1305 976 με
1341 893 1451 958 δεῖ
1481 887 1945 977 πεποιηκέναι’
2021 890 2136 957 καὶ

174 995 413 1062 ταῦτα
450 995 737 1060 εἰποῦσα
773 992 883 1060 ἐπὶ
911 990 1038 1077 τὴν
1066 990 1292 1078 πύλην
1321 989 1679 1079 πορεύεται
1704 992 1824 1077 τῆς
1853 989 2137 1078 πόλεως,

176 1095 303 1162 καὶ
363 1092 615 1178 ἑαυτὴν
665 1091 874 1177 ἐγγὺς
921 1095 1040 1180 τῆς
1090 1095 1294 1179 φλιᾶς
1358 1097 1615 1161 ἔσωθεν
1682 1091 2134 1179 ἐκτανύσασα,

179 1208 663 1283 προσεποιεῖτο
713 1190 888 1261 εἶναι
936 1192 1145 1282 νεκρά
1179 1219 1251 1261 τε
1287 1194 1402 1261 καὶ
1440 1191 1723 1273 ἄπνους.
1796 1191 2019 1284 τούτω
2058 1191 2137 1260 δὲ

175 1298 280 1387 τῷ
336 1293 573 1385 τρόπω
626 1293 951 1383 ἐχρήσατο
999 1295 1478 1383 προσμένουσα
1526 1296 1951 1381 διανοιγῆναι
2006 1291 2133 1381 τὴν
2162 1321 2212 1361 ιο

175 1400 302 1484 τῆς
357 1395 619 1474 πόλεως
671 1394 935 1484 πύλην,
1001 1394 1094 1475 ώς
1158 1394 1378 1475 εὐθυς
1432 1395 1680 1482 ἑαυτὴν
1727 1394 1992 1484 ἀθρόον
2042 1393 2132 1462 δι’

176 1496 411 1582 αὐτῆς
463 1495 744 1583 φυγάδα
794 1499 1064 1584 ποιῆσαι
1099 1498 1212 1566 καὶ
1248 1500 1372 1564 τοῦ
1410 1495 1870 1586 ὑφορωμένου
1908 1495 2132 1565 ἀπαλ-

176 1600 482 1685 λαγῆναι
518 1597 868 1666 κινδύνου.
935 1595 1116 1666 οὕτω
1153 1597 1230 1666 δὲ·
1266 1596 1481 1686 αὐτῆς
1520 1598 1611 1679 ὥς
1646 1602 1892 1688 νεκρᾶς
1934 1601 2132 1668 ε’κτα-

174 1707 437 1787 θείσης
484 1698 603 1766 καὶ
649 1705 767 1786 τῆς
816 1699 1037 1787 πύλης
1083 1698 1222 1768 ὑπὸ
1272 1699 1399 1788 τὴν
1460 1704 1548 1770 ἕω
1612 1704 2131 1787 διανοιχθείσης,

180 1800 475 1891 ἑωράκει
509 1826 609 1879 τις
644 1799 900 1888 ταύτην
926 1801 1041 1868 καὶ
1071 1801 1240 1890 πρὸς
1274 1802 1524 1870 ἑαυτὸν
1552 1802 1832 1891 εἰρήκει·
1881 1799 2131 1880 ‘imme
2159 1827 2209 1867 15

176 1902 219 1991 ἡ
251 1904 498 1991 κέρκος
525 1903 644 1988 τῆς
672 1899 1020 1982 ἀλώπεκος
1048 1906 1251 1990 τῆσδε
1279 1910 1437 1971 λίαν
1468 1903 1607 1971 ε’στὶ
1628 1902 2131 1993 χρησιμεύουσα
2157 1889 2201 1927 ¹’'
2229 1880 2305 1919 ¹¹⁶

177 2013 278 2087 εἰς
320 2007 595 2091 ἕτοιμον
625 2001 931 2091 σπόγγον
957 2007 1247 2092 μυλικοῦ
1281 2002 1767 2094 ἐργαστηρίου]
1826 2000 1903 2084 ὃς
1938 2001 2126 2072 τοῦτ’

178 2107 405 2177 εἰπε-ὸν
465 2105 594 2192 τὴν
658 2106 905 2175 ἑαυτοῦ
971 2105 1402 2193 σπασάμενος
1456 2103 1718 2186 εὐθέως
1769 2106 2131 2194 μάχαιραν,

177 2208 516 2296 ἀπέτεμεν
554 2204 792 2294 αὐτήν.
857 2206 898 2294 ἡ
935 2205 1011 2275 δὲ
1048 2206 1324 2295 ἀλώπηξ
1360 2210 1479 2294 τῆς
1517 2204 1730 2296 οὐρᾶς
1766 2206 1977 2295 αὐτῆς
2016 2211 2128 2277 ἐκ-

176 2317 504 2398 κοπείσης
559 2328 878 2377 σιωπωσα
942 2315 1274 2395 γενναίως
1335 2306 1739 2396 ύπήνεγκεν.
1826 2307 1971 2378 εἶτά
2030 2338 2126 2389 τις
2155 2337 2206 2376 20

181 2414 413 2500 ετερος
455 2435 721 2498 παριων
758 2410 870 2477 καὶ
907 2409 1165 2498 ταύτην
1223 2410 1536 2500 ἑωρακως
1588 2417 1816 2498 ἔλεγεν
1879 2409 2126 2489 οὕτως·

171 2509 474 2600 ἀκήκοα
513 2509 605 2590 ώς
635 2520 705 2578 εἴ
731 2537 828 2590 τις
862 2537 1002 2579 των
1036 2513 1497 2599 νηπιαζόντων
1536 2513 1647 2581 ἐπὶ
1684 2511 1857 2580 πολυ
1900 2516 2128 2580 διατε-

178 2620 331 2701 λοίη
384 2619 942 2700 κλαυθμηρίζων,
995 2611 1201 2681 οὐδὲν
1254 2639 1497 2701 ατερον
1551 2611 1739 2680 αύτω
1779 2620 1874 2692 εἰς
1909 2623 2126 2699 θερα-

178 2726 383 2784 πείαν
430 2715 548 2781 καὶ
599 2708 996 2783 ἀπόπαυσιν
1031 2718 1155 2782 τοῦ
1193 2716 1556 2800 κλαυθμοῦ
1596 2710 1813 2781 αὐτοῦ
1854 2711 1947 2793 ώς
1988 2740 2124 2782 ωτα

177 2815 551 2895 ἀλώπεκος.
607 2810 803 2883 ἅτινα
832 2822 897 2885 εἰ
923 2816 1105 2905 παρὰ
1135 2818 1257 2883 τοῦ
1291 2820 1566 2884 παιδίου
1593 2817 1798 2884 τοῦδε
1826 2816 2121 2904 φέροιτο,
2150 2841 2202 2880 25

317 3016 343 3062 1
386 3005 693 3091 εὑρηκέναι
733 3011 929 3078 ἴσχυσε
965 3013 1000 3066 ἱ.
1037 3028 1082 3062 e.
1108 3002 1319 3091 εὑρεῖν
1353 3003 1614 3077 ἠδύνατο
1751 3015 1785 3061 4
1818 3008 2123 3078 θεαθήσο-

172 3077 309 3145 μαι]
348 3074 813 3146 θηραθήσομαιῖ
850 3072 1298 3159 κρατηθήσομαι
1334 3082 1390 3131 Μ
1562 3081 1595 3130 5
1631 3071 1992 3158 ἀπόσχονται

177 3152 243 3198 10
279 3149 347 3211 cs'.
388 3149 607 3206 177,17
789 3149 851 3196 11
890 3139 964 3206 ὥς
999 3149 1213 3229 scripsi:
1250 3144 1351 3199 καὶ
1535 3149 1863 3199 delendumne
1903 3138 2120 3207 εὖθ’ύςὶ)

178 3217 550 3279 186,12-13
693 3216 757 3264 12
793 3206 1176 3280 ὑφορωμένου
1212 3217 1348 3278 cod„
1385 3218 1417 3267 l.
1455 3231 1486 3266 ο
1522 3218 1574 3266 in
1612 3232 1654 3266 ω
1689 3223 1881 3266 mutata
1915 3232 1977 3271 m.
2016 3231 2119 3266 sec.

304 3284 368 3333 15
405 3258 644 3349 ἑωράκει
681 3282 749 3362 cf.
789 3284 902 3342 138,
942 3285 1008 3333 23
1120 3284 1184 3333 17
1221 3252 1477 3348 ἕτοιμον]
1515 3283 1627 3333 iam
1662 3284 1991 3361 perfectum,
2031 3284 2121 3331 cui

175 3349 316 3399 nihil
353 3350 515 3400 deest
624 3345 900 3416 σπόγγον]
943 3344 1026 3408 εἰς
1064 3342 1127 3400 τὸ
1165 3349 1493 3416 σπογγίζειν
1529 3347 1630 3401 τὸν
1663 3348 1900 3415 μυλῶνα
1937 3350 1981 3397 Ρ

174 3420 241 3468 23
279 3407 509 3481 ἅτερον]
551 3412 787 3481 ἕτερονῗ
929 3413 1011 3476 εἰς
1046 3417 1375 3482 θεραπείαν
1409 3411 1590 3471 καλὸν
1623 3419 1668 3469 Ρ
1829 3419 1893 3467 25
1928 3407 2114 3494 παρά]

174 3478 320 3564 ὑπὲρ
356 3486 411 3536 in
444 3487 730 3562 archetypo
753 3486 877 3550 legit
901 3487 987 3551 qui
1010 3486 1053 3534 P
1089 3488 1367 3537 recensuit:
1405 3490 1641 3551 κρατεῖν
1677 3475 1827 3537 αὐτοὶ
1864 3474 2117 3534 πάντοτε

176 3545 373 3604 ἐπάνω
410 3549 511 3604 τοῦ
547 3543 761 3611 παιδός

1612 3638 1709 3684 12*
