2563 4087
1031 246 1157 301 v11.
1197 263 1239 298 s.
1279 251 1328 301 1.
2069 247 2154 312 67

184 388 593 475 ἀπολογίας
632 390 913 477 ἑτοίμως
949 385 1286 458 ἄπέδιδεν.
1343 378 1545 469 οὗτος
1571 379 1702 457 οὖν
1737 386 1775 456 6
1812 387 1985 477 ἀνὴρ
2021 387 2156 461 ἀπὸ

184 494 322 579 τῆς
336 487 663 578 τοιαύτης
677 497 1184 580 μεταχειρίσεως
1201 489 1578 579 ἐπεσιόρευε
1591 490 1895 579 χρήματα
1914 490 2152 560 πολλά.

185 595 323 684 μιᾷ
359 595 543 679 γοῦν
578 596 719 660 των
753 590 1027 681 ἡμερῶν
1061 593 1138 660 τὸ
1174 595 1538 666 κατοικοῦν
1576 596 1651 662 ἐν
1676 595 1772 684 τῷ
1802 592 2153 684 ἀνθρώπῳ

187 696 480 782 πνεῦμα
520 691 709 763 εἶπεν
746 720 841 773 ως
880 693 1065 782 »ἐγώ
1104 692 1239 762 από
1279 698 1407 762 τοῦ
1440 699 1578 762 νῦν
1613 693 2052 784 ἄπέρχομαι’
2013 695 2147 762 από

189 800 414 884 ,,σοῦ,
450 797 565 863 καὶ
603 797 811 864 πλέον
859 794 988 864 οὐκ
1028 802 1194 882 ἔχεις
1228 822 1329 884 με.
1401 796 1580 882 πλὴν
1628 797 1760 884 πρὸ
1798 798 1921 866 τοῦ
1964 798 2149 878 ε’ξελ-
2201 825 2226 865 5

192 909 419 987 ,,θέῖν
445 923 529 986 με
555 896 690 966 ἀπὸ
722 900 877 984 σοῦ,
904 896 1154 984 λόγους
1179 911 1362 982 τρεῖς
1391 900 1840 985 παραγγέλλω
1868 917 2003 967 σοι·
2032 887 2205 967 καὶΡ

192 994 409 1088 ,,οἶον
447 995 534 1068 ἂν
563 995 740 1089 (διὰ)
768 1001 909 1067 τῶν
936 1001 1146 1089 τριῶν
1173 997 1402 1085 λόγων
1426 998 1713 1087 ζητήσῃς
1740 1001 1925 1090 παρὰ
1951 1003 2150 1089 θεοῦ,

194 1100 484 1190 ,,ευ’θ·ὒς
520 1100 947 1186 δοθήσεται.“
1003 1104 1221 1169 ταῦτα
1257 1099 1474 1170 εἰπών
1511 1099 1548 1167 6
1586 1106 1854 1188 δαίμων
1889 1106 1984 1192 τῷ
2021 1101 2150 1170 ἆν-

190 1204 320 1293 δρὶ
361 1204 754 1292 ἐφανέρωσε
786 1204 901 1272 καὶ
935 1202 1100 1282 τούς
1143 1218 1325 1290 τρεῖς
1360 1202 1631 1288 λόγους.
1704 1201 1847 1271 εἶτα
1882 1202 2149 1293 μακρὰν
2207 1248 2213 1257 -

190 1306 394 1393 διέβη
429 1309 552 1373 τοῦ
591 1304 866 1394 ἀνδρός.
938 1306 1054 1373 καὶ
1102 1302 1140 1372 6
1191 1301 1594 1393 ἄνθρωπος,
1640 1306 1766 1372 τοῦ
1813 1307 2143 1392 μαντικοῦ
2175 1333 2225 1372 10

193 1413 533 1494 δαίμονος
579 1404 697 1475 ἄπ’
736 1404 956 1475 αὐτοῦ
997 1405 1428 1495 ἐξελθόντος,
1476 1406 1642 1494 μετὰ
1680 1406 1903 1492 λύπης
1937 1398 2150 1493 ἦλθεν

194 1509 324 1577 καὶ
361 1515 462 1588 εἰς
497 1507 622 1595 τὴν
656 1514 886 1578 οἰκίαν
934 1506 1152 1577 αὐτοῦ
1193 1509 1445 1578 εἰσέδυ.
1523 1510 1771 1577 ἰδοῦσα
1820 1507 1899 1576 δὲ
1934 1506 2149 1577 αὐτὸν

192 1609 239 1699 ἡ
280 1608 503 1697 γυνή,
543 1615 664 1697 ,,τί
693 1607 957 1689 οῧτως“
1000 1616 1207 1697 ἔφησε
1257 1610 1723 1699 »σκυθρωπὸς
1773 1611 1888 1679 καὶ
1927 1608 2150 1698 ωχρό-

198 1736 454 1802 ,,τατος
490 1710 863 1798 γέγονας;“
954 1713 1069 1780 καὶ
1106 1708 1142 1778 6
1179 1710 1353 1799 ἀνὴρ
1391 1709 1833 1800 ἀπεκρίνατο·
1877 1703 1978 1799 ,,ὦ
2013 1712 2150 1799 γυῑ

126 1820 133 1829 ’
200 1841 405 1903 ,,ναι,
438 1812 517 1881 τὸ
554 1816 677 1881 τοῦ
717 1811 1042 1894 πύθωνος
1083 1814 1304 1882 ἐκεῖνο
1339 1816 1646 1902 πνεῦμα,
1684 1811 1773 1882 δι’
1816 1804 1899 1881 οὗ
1941 1816 2149 1902 ἐμαν-
2177 1839 2226 1880 15

200 1915 553 2003 ,,τευόμην
600 1916 715 1983 καὶ
778 1915 899 1995 τὰς
955 1921 1252 2004 ἰατρείας
1303 1918 1624 2004 ἐποίουν,
1689 1914 1973 2001 ἐξῆλθεν
2026 1913 2147 1982 ἀπ’

198 2019 424 2109 „guni
474 2023 774 2097 τελείως·
837 2017 954 2086 καὶ
1015 2016 1125 2085 διὰ
1175 2020 1382 2086 τοῦτο
1444 2019 1589 2097 πῶς
1637 2015 1938 2104 δυ’ναμαι
1995 2018 2149 2104 ζῆν;

200 2118 425 2209 ,,παρ’
481 2122 746 2189 ἐκείνου
801 2119 933 2206 γὰρ
986 2119 1152 2199 τούς
1211 2119 1466 2205 λόγους
1531 2117 1978 2207 ἐδιδασκόμην
2033 2120 2152 2187 καὶ

200 2222 624 2311 ,,προε’λεγον
670 2222 786 2289 καὶ
832 2219 1019 2308 εἶχον
1070 2219 1153 2289 τὰ
1205 2218 1481 2310 κέρδη.“
1565 2219 1606 2310 ἡ
1654 2219 1731 2289 δὲ
1775 2221 1953 2307 γυνὴ
2004 2223 2144 2289 τῶν

198 2322 433 2410 λόγων
467 2322 857 2410 ἀκούσασα,
890 2320 1170 2410 κάκείνη
1209 2321 1538 2409 ἐλυπήθη.
1594 2320 1777 2410 ὁρῶν
1812 2322 1890 2391 δὲ
1925 2320 2142 2409 αὐτὴν
2168 2349 2220 2387 20

198 2425 239 2493 6
283 2423 458 2514 ἀνὴρ
496 2428 752 2513 πικρῶς
787 2432 1189 2513 κλαίουσαν,
1230 2427 1555 2513 ἐπεχείρει
1589 2434 2150 2513 παραμυθεῖσθαι

203 2525 435 2614 αὐτὴν
467 2528 583 2595 καὶ
619 2527 799 2612 λέγει
834 2525 1004 2614 πρὸς
1041 2524 1294 2612 αὐτήν·
1338 2525 1476 2613 ,,μὴ
1513 2528 1736 2594 λυποῦ
1761 2578 1781 2613 ,
1821 2517 1874 2592 ὦ
1910 2525 2145 2612 γύναι·

206 2628 334 2716 ,,τό
372 2628 503 2715 γὰρ
531 2631 802 2714 πνεῦμα
832 2630 1052 2696 ἐκεῖνο
1077 2642 1258 2716 τρεῖς
1286 2627 1539 2714 λόγους
1565 2654 1647 2714 με
1675 2625 2147 2714 παρήγγειλεν,

207 2726 430 2818 „diove
476 2728 562 2799 δι’
606 2732 889 2799 ἐκείνων
938 2732 1078 2797 τῶν
1125 2732 1331 2819 τριῶν
1381 2728 1607 2815 λόγων
1656 2725 1820 2816 ὅπερ
1872 2724 1958 2796 ἂν
2007 2727 2142 2797 ἀπὸ
2171 2756 2351 2804 μεεΒ.

204 2977 321 3010 nom
356 2955 666 3041 προέλεγεν
701 2963 915 3039 respicit
949 2978 994 3010 u.
1034 2953 1464 3042 μαντευόμενος
1651 2962 1677 3009 1
1727 2954 1976 3013 ἀπέδιδε
2013 2962 2146 3013 libri.

202 3028 386 3092 cf.64,
416 3030 478 3078 15
585 3014 781 3093 ουτος]
818 3018 1004 3086 ου’τως
1027 3030 1084 3078 Μ
1190 3029 1222 3077 5
1261 3017 1458 3078 οὖκέτι
1496 3020 1645 3089 εξεις
1680 3028 1739 3078 Μ
1849 3030 1881 3078 6
1921 3021 2144 3106 λόγους]

204 3095 475 3162 precandi
510 3095 828 3157 formulae,
836 3094 1142 3160 ,Spriiche“
1284 3092 1396 3159 σοι]
1438 3092 1543 3145 σοῦ
1579 3095 1629 3144 V
1775 3097 1805 3145 7
1842 3087 1945 3146 δια
1980 3099 2150 3147 adieci

204 3167 268 3214 cl.
299 3164 701 3247 24,quamq13am
721 3166 953 3226 fortasse
977 3178 1078 3213 non
1103 3164 1365 3213 librarium
1388 3164 1485 3212 sed
1518 3165 1622 3243 qui
1639 3164 1769 3214 hanc
1802 3167 2148 3215 recensionem

206 3231 434 3311 confecit
465 3233 756 3351 συννίἵεηε,
806 3238 863 3282 ut
903 3232 1159 3281 sententia
1201 3238 1418 3281 constet.
1491 3222 1555 3281 ἐν
1593 3221 1812 3296 ἑκάστῳ
1858 3246 2077 3282 τουτων
2113 3220 2147 3281 ὃ

208 3314 288 3350 αν
314 3291 535 3350 θεόθεν
560 3315 597 3349 α
627 3313 770 3366 τησῃ
773 3315 800 3358 ς
823 3299 900 3351 Μ.
937 3316 986 3349 u.
1008 3299 1059 3347 D
1205 3290 1465 3365 ζητήσεις
1490 3298 1661 3348 ABV:
1703 3282 1960 3377 ζητήσῃς
1968 3298 2145 3349 Boiss.

207 3357 448 3431 αἰτήσῃς
473 3366 528 3417 Μ
657 3371 689 3420 8
718 3317 903 3426 εὐθύς
928 3368 1054 3417 coi?
1077 3368 1226 3418 addit
1249 3381 1341 3416 σοι
1363 3367 1436 3425 Μ,
1464 3364 1568 3416 σοῦ
1592 3367 1642 3415 D
1752 3369 1812 3416 11
1840 3354 2145 3430 ἀπῆλθενῗ

349 3436 413 3483 14
444 3429 847 3502 παραγέγονας
872 3436 929 3484 Μ
1043 3436 1111 3485 23
1144 3449 1215 3499 με
1238 3450 1402 3498 supra
1423 3437 1635 3498 scriptis
1659 3436 1693 3487 l.
1717 3448 1772 3483 οι
1796 3437 1902 3484 alia
1926 3441 1979 3483 ut
2002 3435 2147 3482 uide-

209 3575 297 3619 tur
331 3584 479 3619 manu
512 3573 577 3625 V.
612 3587 711 3636 μοι
746 3570 804 3620 Μ
838 3585 954 3636 μου
988 3572 1038 3621 D
1178 3562 1526 3637 παρήγγειλε
1562 3568 1656 3617 ΑΒ
1692 3503 1851 3634 aaz}
1885 3569 1935 3618 V

1665 3652 1735 3702 ὅ*

2175 876 2354 925 Ρ.85Β.
