2563 4087
486 246 615 309 204
1313 252 1594 322 Excerpta
2487 18 2493 270 Ι

482 387 565 446 21,
604 386 671 434 24
722 381 820 434 καὶ
875 375 1017 434 ὅταν
1057 379 1330 449 ἔφθασαν
1387 381 1469 442 εἰς
1522 375 1585 435 τό
1634 380 1847 450 βουνῶ,
1906 374 2251 449 ἕκυνήγισαν
2298 376 2388 432 ἕνα

483 460 945 535 άγριογάὸουρον
992 466 1103 532 (25,
1146 469 1242 519 1..
1270 466 1474 534 ὄαρον)
1524 468 1532 530 Ι
1580 470 1666 529 25,
1706 472 1737 518 3
1790 465 1890 517 καὶ
1949 463 2118 533 ἓχασε
2171 463 2264 517 καὶ
2304 457 2396 516 τόν

489 546 706 617 δρόμον
744 551 943 616 (verlor
962 552 1064 603 den
1089 551 1274 616 Weg)·
1324 549 1425 602 καὶ
1461 545 1801 604 συναπαντὰ
1844 551 1988 617 μίαν
2032 555 2274 617 γυναῖκα
2316 539 2391 601 εὖ-

491 653 723 703 μορφην
776 635 784 702 Ι
838 640 929 700 25,
991 638 1022 687 8
1100 629 1335 688 ἐκύλισα
1405 632 1504 687 καὶ
1568 632 1742 688 ἔπεσα
1812 634 1910 687 καὶ
1981 630 2084 687 δὲν
2150 628 2396 701 ἐγρίκησα

491 721 660 783 (sensi
695 723 766 784 ef.
806 721 990 771 Cor-ais
1036 723 1213 771 Amet.
1249 723 1299 783 2,
1339 721 1424 782 95)
1472 718 1574 772 καὶ
1611 712 2096 786 άποκοιμήθηκα·
2153 718 2247 770 καὶ
2289 711 2391 781 ἑξό-

487 819 680 870 πνησα
716 801 815 856 καὶ
854 798 1101 869 §nicaea
1139 805 1551 871 (circumspexi)
1607 802 1708 855 καὶ
1764 799 1870 856 δὲν
1926 798 2058 870 εἷὸοι
2101 797 2264 855 τινᾶν
2297 795 2390 852 ἀπὸ

490 883 621 948 τοὺς
649 886 897 949 δοῦλους
931 906 1059 954 μου.
1096 892 1179 948 25,
1209 893 1271 940 12
1298 905 1356 945 π.
1383 906 1435 942 κ.
1459 904 1519 944 π.
1556 887 1640 954 π.]
1678 887 1794 940 ποῦ
1828 879 2118 955 &affy-{vm
2156 886 2359 954 μοναχῆ
2378 883 2385 952 Ι

489 975 572 1034 25,
615 976 676 1024 13
711 972 812 1025 καὶ
850 967 962 1025 ἔδω
999 965 1303 1025 άπόστασα
1341 965 1741 1035 (άποσταίνειν
1787 972 2028 1035 deficere)
2062 971 2069 1037 Ι
2100 975 2182 1035 25,
2222 975 2278 1022 16
2315 971 2388 1022 ἴπ·

487 1054 621 1123 που]
666 1048 881 1124 άλόγου
916 1066 969 1109 ut
1005 1066 1263 1108 nostrates
1300 1059 1403 1109 auf
1421 1060 1536 1108 sein
1562 1059 1725 1107 Thier
1755 1059 1763 1123 Ι
1794 1060 1876 1118 25,
1920 1059 1982 1107 17
2022 1052 2106 1117 εἰς
2144 1053 2243 1108 ἕνα
2273 1050 2388 1121 σπη’·

492 1143 681 1193 λαιον·
722 1140 822 1193 καὶ
864 1137 1017 1209 λέγει
1052 1152 1178 1193 του·
1227 1135 1340 1194 ἐδῶ
1376 1137 1482 1209 ἔχω
1508 1147 1738 1208 χρείαν,
1785 1140 1885 1193 καὶ
1929 1134 2212 1193 κατεύασέ
2243 1157 2304 1207 με
2323 1131 2383 1190 νά

491 1218 698 1293 ὑπάγω
735 1225 856 1289 (εον.
894 1219 1185 1293 κατάβασε
1219 1228 1255 1277 ι’.
1293 1243 1339 1277 ε.
1379 1218 1693 1293 κατάβαλε)
1726 1225 1735 1291 Ι
1764 1229 1848 1291 25,
1889 1229 1956 1278 23
1992 1218 2070 1287 ὥς
2107 1229 2153 1277 λ.
2191 1224 2289 1289 om!
2319 1228 2384 1284 25,

489 1313 555 1364 24
592 1303 696 1371 σάς
734 1306 915 1378 ἔφερα
946 1310 954 1376 Ι
986 1315 1071 1374 25,
1107 1314 1190 1362 25.
1226 1313 1293 1361 26
1332 1301 1402 1363 ά.
1426 1350 1437 1362 .
1459 1309 1534 1376 u]
1599 1305 1806 1376 γέλασέ
1852 1326 1953 1363 τον
2001 1302 2217 1378 νάσέβη
2262 1304 2382 1376 μέσα

490 1388 585 1457 (νά
622 1394 761 1463 σεβῇ
799 1396 991 1462 pellice
1015 1412 1136 1448 eum
1160 1400 1222 1446 ut
1244 1396 1434 1446 ueniat
1477 1397 1651 1446 intust
1689 1398 1766 1445 sic
1800 1399 1882 1457 31,
1920 1398 1953 1446 4
1990 1387 2159 1462 ἐσέβη
2197 1391 2341 1460 μέσα)
2371 1388 2378 1456 Ι

488 1482 571 1542 26,
610 1483 642 1531 5
678 1474 894 1547 ταύτην
930 1498 1008 1531 om
1037 1480 1047 1546 Ι
1077 1484 1159 1543 26,
1188 1483 1217 1531 7
1244 1473 1380 1539 τούς
1405 1471 1766 1545 συντρόφους
1789 1495 1901 1544 μου
1927 1479 2050 1542 (scr.
2075 1478 2178 1530 τοῦ
2214 1476 2377 1543 ..φουΙ

489 1557 850 1630 ἐθυμήθυκα
889 1565 924 1629 (.
947 1604 958 1616 .
980 1565 1113 1631 ηκα)
1151 1557 1242 1618 ὅτι
1278 1581 1349 1628 με
1386 1556 1577 1629 όῖφησε
1602 1558 1861 1629 μοναχὸν
1886 1561 1985 1614 καὶ
2024 1556 2274 1630 χάνωμαι
2306 1552 2381 1612 Oui

452 1647 457 1654 ’
491 1640 733 1699 ἐκεῖνον.
772 1647 869 1700 καὶ
910 1645 991 1708 εἰς
1037 1648 1207 1702 τοῦτο
1245 1644 1541 1715 φοβοῦμαι
1585 1646 1685 1699 καὶ
1718 1642 1931 1712 ,τρέμω
1988 1639 2255 1714 (χάνομαι
2292 1648 2331 1696 Ιι.
2358 1648 2380 1695 l.

488 1734 742 1797 siqnificat
779 1750 877 1783 non
914 1734 1234 1784 circumerro
1270 1736 1368 1784 sed
1400 1734 1671 1799 perditum
1694 1749 1757 1783 eo
1769 1770 1787 1795 ,
1822 1735 1880 1783 id
1913 1735 2052 1798 quod
2081 1734 2383 1784 coniunctim

490 1819 600 1865 loeo
629 1817 799 1879 futuri
813 1823 1009 1881 positus
1045 1818 1291 1882 ostendit)
1325 1816 1425 1869 καὶ
1455 1810 1685 1884 ἡλάμια
1712 1814 1862 1883 λέγει
1887 1826 2017 1868 του·
2056 1811 2250 1883 ἐπειδη
2271 1803 2380 1880 ἧσαι

490 1899 592 1963 (37,
614 1903 667 1963 5)
688 1897 964 1968 βασιλέως
990 1898 1148 1966 υίὸς,
1185 1900 1346 1954 διατὶ
1373 1898 1475 1954 δέν
1501 1919 1603 1953 του
1629 1897 1851 1961 ἔδειδες
1889 1900 1924 1964 (.
1946 1937 1958 1951 .
1979 1920 2000 1953 ι
2023 1941 2038 1955 .
2061 1919 2100 1964 .;
2125 1910 2260 1952 notes
2280 1895 2380 1963 ipsl)

490 1984 647 2053 δῶρα
671 1983 771 2037 καὶ
790 2005 866 2055 χ.,
904 1983 977 2039 νά
999 1980 1411 2055 κατάπραύνης
1435 1980 1537 2038 τὸν
1559 1979 1756 2053 θυμόν
1792 2002 1913 2048 του,
1938 1983 2037 2038 καὶ
2059 2004 2132 2037 να
2157 1982 2214 2037 σὲ
2232 1972 2380 2051 φυλά·

490 2084 605 2136 γει·
647 2072 699 2133 ί.
725 2113 737 2126 .
766 2090 801 2139 ῃ
837 2076 872 2125 i.
910 2091 955 2124 e.
995 2067 1278 2141 φυλάττῃ)
1327 2069 1426 2123 καὶ
1472 2062 1648 2131 αὐτὸς
1687 2066 1865 2137 λέγει’
1911 2062 2022 2138 ὅχη
2070 2070 2201 2136 (..ι)
2233 2062 2378 2135 μόνον

491 2155 813 2220 χαρίσματα
848 2156 948 2208 καὶ
985 2156 1143 2223 δῶρα
1181 2154 1310 2224 εἷχα
1346 2173 1420 2208 να
1444 2149 1545 2207 τὸν
1573 2149 1734 2207 δώσω
1748 2146 1776 2217 ;'
1817 2146 1965 2206 ἄλλά
1999 2149 2217 2215 ἐκεῖνος
2241 2149 2374 2216 ἔκαμ-

490 2255 591 2290 νεν
627 2236 709 2300 εἰς
735 2233 835 2306 ἐμὲ
856 2233 1113 2308 μεγάλην
1138 2242 1359 2306 φιλίαν.
1436 2240 1538 2305 (26,
1567 2235 1819 2307 11λέγεις
1841 2280 1852 2290 .
1878 2280 1889 2290 .
1914 2232 2180 2308 εὖπορεῖς
2204 2256 2271 2291 om
2290 2231 2378 2301 1))Ι

491 2326 573 2379 26.
616 2327 678 2375 15
724 2323 825 2376 καὶ
871 2323 1005 2384 ἴσως
1050 2342 1126 2376 να
1172 2322 1232 2377 σε
1283 2317 1643 2391 ελευθεριόση
1690 2342 1738 2375 τ.
1777 2341 1827 2375 κ.
1877 2323 1886 2388 Ι
1937 2327 2018 2387 26,
2059 2328 2119 2376 17
2156 2342 2205 2376 κ.
2239 2340 2291 2374 π.
2322 2315 2374 2385 ἐζ]

488 2408 667 2459 πλεον
713 2402 866 2460 εἶναι
920 2426 994 2460 να
1038 2401 1201 2476 κάμω
1248 2405 1376 2477 ἔτζη
1407 2409 1417 2476 Ι
1447 2412 1529 2473 26,
1569 2413 1631 2460 19
1679 2406 1749 2460 τὰ
1788 2402 1988 2475 χαίριά
2023 2425 2125 2460 του
2162 2397 2378 2460 aalma:

488 2501 541 2542 ut
574 2494 802 2554 fortasse
838 2495 920 2556 26,
962 2496 1025 2544 19
1061 2497 1319 2545 exciderit
1364 2486 1630 2553 διπλώσας
1671 2494 1680 2558 Ι
1727 2497 1809 2556 27,
1852 2497 1879 2543 1
1916 2491 2016 2544 καὶ
2057 2490 2283 2561 ἔφυγεν·
2326 2480 2378 2540 τό

491 2573 568 2629 δὲ
607 2595 658 2629 κ.
697 2577 770 2644 ἃ,
809 2571 911 2630 τὸν
947 2570 1381 2643 ἐκατ’ἐὸει’ωξεν
1436 2574 1538 2638 ἕως
1590 2573 1653 2630 τὸ
1692 2592 1862 2643 σπητι
1900 2578 2002 2630 τοῦ
2048 2595 2108 2632 π.
2153 2595 2273 2642 του,
2301 2570 2378 2627 καὶ

488 2652 670 2722 οὕτως
729 2656 1025 2730 ἕλυτριόθη
1087 2653 1201 2713 άπὸ
1261 2656 1371 2729 τὴν
1439 2655 1651 2729 λάμιαν
1718 2655 1824 2728 τὴν
1886 2654 2033 2728 ζωήν
2097 2679 2212 2718 του.
2264 2651 2373 2725 (dud

487 2748 569 2807 27,
608 2750 639 2796 3
675 2751 780 2798 noli
810 2749 1027 2811 mutare)
1061 2746 1070 2811 Ι
1101 2750 1183 2810 27,
1222 2749 1254 2798 6
1291 2738 1500 2814 ἤξευρε
1535 2746 1653 2806 πῶς
1676 2742 1941 2797 ποταπὸν
1967 2740 2114 2799 εἶναι
2153 2739 2215 2798 τὸ
2248 2742 2376 2811 ἔργον

488 2827 600 2879 τῶν
639 2823 974 2895 συμβούλων
1012 2845 1142 2897 σου,
1180 2823 1466 2883 άπατιλόν
1502 2829 1602 2882 καὶ
1637 2830 1934 2895 ψεῦτικον.
1973 2826 2129 2895 (οἷον
2151 2834 2228 2893 27,
2250 2833 2277 2881 5
2307 2826 2374 2877 ad·

488 2914 652 2963 uerbii
686 2916 797 2965 loco
833 2921 909 2964 est
944 2923 1002 2965 ut
1032 2932 1192 2980 saepe
1225 2914 1511 2979 τοιοῦτον)
1544 2915 1554 2975 Ι
1600 2918 1682 2977 27,
1719 2919 1751 2965 9
1796 2906 1910 2966 άπό
1960 2908 2063 2967 τὸν
2109 2907 2235 2967 υἱόν
2273 2922 2373 2963 σου·

491 2993 552 3050 οἴ
575 2993 888 3064 φιλόσοφοι
906 2997 1006 3051 καὶ
1043 2995 1357 3068 συμβούλοι
1385 3015 1489 3052 σου
1525 2999 1911 3065 ψεῦδουνται·
1949 2994 2009 3050 οἷ
2043 2998 2373 3063 οποίοιπρος·

488 3082 823 3143 ποιοῦνται,
871 3083 990 3144 πῶς
1027 3078 1289 3151 μεγάλως
1333 3077 1638 3151 φυλάγουν
1683 3078 1785 3136 τόν
1832 3075 1965 3135 υἱόν
2009 3099 2131 3136 σου.
2175 3084 2185 3149 Ι
2227 3080 2380 3143 27,15

488 3158 618 3218 κατ’
659 3160 849 3234 αὐτὴν
885 3161 991 3236 τήν
1028 3162 1251 3236 ἡμέραν
1281 3168 1292 3234 Ι
1322 3172 1406 3233 27,
1448 3172 1646 3220 16-18
1683 3164 1894 3223 αἰτῶν.
1916 3206 1927 3218 .
1951 3165 2042 3235 φ.]
2084 3166 2181 3219 καὶ
2215 3155 2369 3219 elmi

485 3254 566 3314 27,
607 3255 670 3304 19
708 3248 906 3318 ἔμαθα
960 3251 1059 3304 καὶ
1114 3246 1223 3319 ἐγὼ
1267 3252 1392 3314 πῶς
1441 3247 1807 3321 ἐμελέτησαις
1863 3252 1917 3316 (.
1946 3252 2097 3316 .σες)
2151 3245 2376 3305 θάνατον

485 3332 633 3388 κατὰ
668 3337 773 3389 τοῦ
810 3330 943 3390 ὐῖοό
989 3352 1093 3389 σου
1128 3334 1227 3389 καὶ
1264 3338 1513 3405 μάλιστα
1558 3330 1949 3401 ανεξετάστως
1993 3334 2094 3388 καὶ
2140 3350 2289 3403 χωρις
2316 3343 2374 3380 w
2427 3404 2428 3413 ἵ

485 3415 784 3485 γινώσκεις
836 3414 943 3487 τὴν
998 3413 1320 3488 ἀλήθειαν,
1387 3415 1569 3490 μόνον
1632 3422 1733 3474 δια
1786 3419 2062 3487 ’ψεῦματα
2114 3407 2367 3487 γυναικὸς·

487 3501 694 3568 δέομαι
732 3520 835 3556 σου
850 3496 1124 3556 ,ἄκουσον
1159 3498 1346 3574 αὐτὴν
1379 3502 1487 3571 τὴν
1535 3500 1809 3575 διήγησιν
1856 3508 1864 3572 Ι
1912 3509 1996 3571 28,
2034 3509 2082 3557 6.
2138 3504 2188 3560 δ.
2228 3519 2272 3570 χ·
2309 3493 2374 3555 εἷς

487 3581 625 3636 ἔναυ
663 3581 867 3650 τόπον,
907 3570 1049 3652 ἦτον
1073 3582 1300 3653 μεγάλα
1335 3587 1436 3640 καὶ
1461 3588 1645 3642 καλλᾶ
1681 3585 1754 3643 τά
1793 3584 1970 3643 ὁποῖα
1996 3584 2273 3659 ἐχάλασαν
2294 3580 2372 3636 ἕνα
