2563 4087
399 234 528 303 256
1217 238 1463 303 Aesopus
1498 238 1525 287 1

400 399 830 485 τεινομένων,
888 398 1003 464 καὶ
1057 394 1206 475 ἕνὸς
1267 392 1499 469 αὐτῶν
1560 386 2023 487 ἀπορήσαντος
2083 402 2351 483 πηνίκα

400 495 490 566 ἂν
525 500 788 585 γένοιτο
838 498 1088 584 μεγάλη
1130 500 1204 564 έν
1240 492 1636 586 ἀνθρώποις
1673 491 1962 583 ἀνάγκη,
2015 506 2350 577 Αἴσωπος

403 598 687 668 ὄπισθεν
736 599 943 678 ἑστώς
980 590 1196 666 εἶπεν·
1239 595 1502 685 ,,ἡνίκα
1538 594 1623 665 ἂν
1670 603 1742 666 οἱ
1780 599 2011 686 νεκροὶ
2058 596 2346 668 ἀνιστά-

405 725 594 788 μενοι
627 697 709 767 τά
750 701 1011 768 ἑαυτῶν
1040 698 1452 786 άπαιτήσωσι
1486 697 1864 786 κτήματα“.
1921 700 2037 768 καὶ
2073 704 2146 767 οἰ
2178 720 2348 787 σχο-

346 835 376 874 5
405 802 701 868 λαστικοὶ
728 801 1130 887 γελάσαντες
1167 806 1462 887 ἔφασαν·
1506 799 1826 888 ,,νοη’μων
1867 800 2049 869 ἐστὶν
2084 799 2119 869 ὁ
2159 799 2345 875 νεώ-

401 900 671 988 νητος“.
741 903 970 991 ἑτέρου
1000 902 1076 971 δὲ
1105 901 1309 970 πάλιν
1343 899 1605 970 τοιόνδε
1638 929 1701 969 τι
1736 902 2138 989 προθέντος,
2176 900 2344 973 ὅτου

398 1003 598 1092 χάριν
657 1002 729 1071 τὸ
782 1003 908 1091 μὲν
954 1002 1296 1093 πρόβατον
1353 1003 1461 1072 ἐπὶ
1521 1001 1790 1090 σφαγὴν
1845 1003 2207 1090 ἑλκόμενον
2256 1002 2343 1072 οὐ

402 1108 559 1193 βοᾷ,
596 1102 632 1172 ὁ
672 1104 749 1173 δὲ
782 1120 1010 1195 χοῖρος
1048 1099 1149 1172 ὅτι
1182 1105 1465 1192 μάλιστα
1502 1104 1743 1193 κράζει,
1779 1114 2102 1183 Αἴσωπος
2137 1096 2345 1185 αὖθις

405 1212 531 1293 ἔφη
584 1204 682 1274 ὅτι
719 1205 840 1293 „td
878 1205 1004 1294 μὲν
1039 1205 1381 1294 πρόβατον
1417 1203 1581 1273 κατά
1632 1203 1707 1273 τὸ
1756 1205 2005 1285 εἰωθὸς
2041 1200 2343 1293 ἀμελγό-

321 1342 375 1381 ιο
401 1334 605 1394 μενον
653 1304 695 1394 ἢ
754 1306 830 1375 τὸ
889 1312 1040 1375 τοῦ·
1069 1308 1286 1374 πόκου
1345 1308 1553 1393 βάρος
1602 1306 2116 1395 ἀποτιθέμενον,
2180 1312 2341 1397 σιγῇ

405 1411 656 1476 ἕπεται·
722 1409 825 1476 διὸ
888 1410 1002 1476 καὶ
1062 1408 1661 1496 ὑποσκελιζόμενον
1722 1409 1835 1476 καὶ
1883 1408 2005 1476 τόν
2054 1413 2342 1497 σίδηρον

400 1508 612 1599 ὁρῶν,
644 1506 850 1578 οὐδὲν
871 1508 1098 1578 δεινὸν
1124 1509 1518 1596 ὑποπτεύει,
1549 1504 1689 1577 ἀλλ’
1716 1513 1937 1578 ἐκεῖνα
1962 1507 2044 1578 τὰ
2067 1511 2342 1600 συνήθη

401 1613 514 1678 καὶ
553 1611 729 1698 μόνα
778 1616 967 1679 δοκεῖ
1011 1619 1378 1680 πείσεσθαι.
1447 1610 1484 1678 ὁ
1523 1610 1598 1678 δὲ
1644 1628 1873 1700 χοῖρος
1908 1609 2025 1680 ἅτε
2060 1614 2145 1699 δὴ
2178 1612 2340 1700 μήτ’

403 1710 859 1798 άμελγόμενος
906 1713 1067 1799 μήτε
1116 1713 1497 1801 κειρόμενος
1547 1711 1716 1800 μηδὲ
1753 1712 2083 1792 συνειδώς
2114 1715 2340 1804 εαυτῷ

323 1845 376 1883 15
403 1812 574 1901 πρός
611 1839 673 1879 τι
706 1815 845 1880 τῶν
878 1813 1206 1882 τοιούτων
1245 1813 1626 1902 ἑλκόμενος,
1675 1812 1954 1882 ἀλλ’ὅτι
1986 1820 2130 1882 τῶν
2168 1834 2341 1903 σαρ-

399 1916 541 1980 κῶν
571 1913 785 1982 αὐτοῦ
815 1898 1039 2003 μόνον
1061 1917 1199 1984 ε’στὶ
1237 1942 1453 2003 χρεια,
1490 1915 1766 1995 εἰκότως
1800 1914 2003 2006 βοᾷίί.
2067 1917 2342 1986 τούτων

399 2013 577 2084 οὕτω
649 2018 1027 2105 ῥηθέντων,
1099 2022 1169 2085 οἷ
1236 2019 1658 2103 σχολαστικοὶ
1723 2017 1925 2086 πάλιν
1991 2018 2341 2108 ἐπῄνεσαν

398 2117 637 2205 αὐτόν,
684 2122 1048 2206 τραπέντες
1103 2126 1199 2199 εἰς
1248 2121 1527 2205 γέλωτα.
1612 2121 2054 2207 παυσαμένου
2105 2123 2340 2208 μέντοι

392 2223 522 2287 τοῦ
558 2218 772 2287 πότου
808 2222 921 2288 καὶ
960 2225 1081 2289 τοῦ
1120 2220 1402 2300 Ξάνθου
1441 2220 1611 2311 πρὸς
1651 2220 1778 2308 τὴν
1805 2229 2033 2293 οἰκίαν
2069 2222 2334 2291 ἄπονο-

535 2368 561 2414 1
602 2358 1032 2431 άπορρήσαντος
1067 2367 1115 2416 V
1253 2370 1286 2415 2
1332 2359 1579 2433 ἀνάγκη]
1616 2361 1835 2434 ταραχή
1872 2385 1907 2417 v
1942 2384 2083 2448 μεγ.
2104 2359 2338 2435 ἀνάγκη

392 2491 458 2550 ἐν
495 2490 550 2554 ά.
588 2500 633 2562 Q
771 2503 804 2550 4
842 2490 1049 2553 ἑαυτὸν
1086 2502 1129 2551 Ρ
1269 2493 1636 2567 άπαιτὴσωσί
1667 2520 1750 2553 κτ.
1789 2503 1837 2552 R
1970 2453 2247 2569 ἶῖἦματα
2283 2505 2339 2553 V

387 2563 501 2646 'nvn'

390 2628 626 2700 σώματα
660 2635 719 2684 Μ
741 2635 813 2701 D,
849 2641 1013 2686 omnia
1048 2654 1108 2686 m.
1131 2654 1213 2701 pr.
1390 2641 1421 2688 5
1449 2633 1685 2719 ἔφησαν
1722 2639 1793 2703 Q:
1838 2645 1957 2702 post
1990 2639 2088 2689 Izoc
2124 2657 2173 2688 ιι.
2216 2656 2336 2689 era-

391 2719 493 2752 sum
532 2719 599 2754 νο
736 2706 767 2753 6
798 2675 1031 2755 τοιόνδε
1077 2722 1131 2755 τι
1167 2703 1308 2770 (libr-2·
1342 2699 1569 2757 τοιόνδε
1606 2706 1682 2768 τι)
1720 2722 1813 2757 om.
1853 2707 1897 2755 E
1924 2704 2040 2755 HZ
2066 2706 2120 2756 K
2144 2722 2180 2755 v

391 2816 804 2898 προστιθέντος
840 2822 888 2872 Φ
925 2787 1302 2888 προτιθέντος
1319 2823 1378 2903 Q
1493 2826 1522 2873 7
1562 2820 1644 2881 εἰς
1681 2815 1878 2903 φαγὴν
1912 2824 1957 2873 Ρ
2005 2821 2090 2883 εἰς
2129 2819 2341 2907 φαγὼν

389 2886 455 2946 A,
496 2881 729 2952 σφαγὴν
764 2892 987 2939 restituit
1022 2889 1070 2939 A
1093 2893 1124 2939 2
1246 2892 1277 2940 8
1314 2882 1427 2956 ὅτι]
1465 2886 1548 2943 ἔτι
1586 2891 1634 2941 Φ
1746 2884 1944 2969 κρῴζει
1979 2891 2028 2941 R
2153 2894 2185 2942 9
2223 2910 2338 2956 μεν

391 2971 483 3004 om.
523 2954 571 3004 Φ
744 2945 1207 3037 άναμελγόμενον
1243 2958 1291 3007 Ε
1471 2962 1535 3009 10
1578 2947 1615 3023 ἢ
1649 2956 1749 3009 καὶ
1787 2950 1850 3009 τό
1875 2974 1924 3010 a.
1963 2956 2065 3010 καὶ
2101 2954 2166 3010 τὸ
2216 2962 2336 3037 (om.

390 3011 450 3086 ²²)
489 3021 666 3138 ῗηιρέ
679 3018 993 3142 Ῑῡῖῗσὲἕῖἴ
1003 3021 1329 3158 εἵωςῖἶὲὲὲ
1361 3019 1709 3173 ἷῖεᾶαἶιιῗεῖἳ,
1732 3017 1951 3145 {rasff‘
1991 3016 2116 3144 αιέ
2137 3020 2334 3173 02³²?ss

388 3149 494 3209 νόν
504 3157 596 3239 Q
739 3161 803 3209 13
839 3142 1164 3211 πείθεσθαι
1201 3162 1250 3211 R
1405 3149 1506 3213 ἅτε
1544 3155 1614 3213 ὃ
1656 3165 1708 3212 in
1742 3161 1794 3211 D
1831 3164 1952 3213 add.
1987 3161 2039 3211 D
2063 3165 2094 3212 2
2250 3154 2332 3228 μή

386 3215 521 3289 μετ’
559 3218 757 3304 άμελγ.
793 3227 833 3275 Ζ
868 3229 1182 3345 μεέαμελγ.
1213 3229 1265 3278 Κ
1371 3232 1435 3279 14
1469 3228 1588 3309 μῃδ
1655 3231 1699 3291 Q
1725 3231 1798 3280 Ρ.
1836 3223 1913 3296 μὴ
1953 3225 2020 3281 ὁὶ
2056 3234 2224 3282 ceteri

386 3287 653 3440 ἴιτόῖιοδυωῖ
673 3287 921 3426 zdvoev‘
893 3311 1076 3442 εΜυόυ
1058 3292 1120 3411 1-1)
1142 3314 1192 3413 (ἒ
1217 3313 1358 3414 {fg
1367 3314 1482 3414 {a}
1502 3312 1570 3413 zv
1606 3298 1781 3417 Ωὲστι
1818 3300 1891 3427 (126
1929 3289 2163 3434 αἰῑξίξ
2191 3384 2226 3416 a

388 3422 612 3488 εἰκότος
650 3431 694 3480 Ρ
834 3433 896 3480 17
934 3445 1110 3489 ουτως
1147 3432 1192 3493 Q
1219 3434 1267 3482 R
1294 3432 1342 3482 Φ
1380 3423 1568 3497 (ουτος
1609 3432 1675 3499 Ρ)
1799 3436 1862 3485 18
1899 3430 2254 3511 τραπένταις
2283 3435 2329 3483 Ρ

525 3492 773 3561 γέλωτας
809 3498 854 3559 Q
995 3493 1218 3583 μέντοι]
1255 3498 1452 3551 τοίνυν
1488 3500 1538 3550 V
1561 3499 1613 3549 D
1704 3535 1710 3540 -
1764 3504 1825 3551 19
1860 3493 2042 3553 πότου
2077 3518 2216 3554 corr.
2256 3519 2330 3553 ex

387 3514 585 3611 πόθου
619 3563 663 3612 Ρ
801 3560 962 3629 πρὸς]
1003 3561 1085 3624 εἰς
1121 3566 1171 3615 D
1311 3559 1462 3619 άπον
1496 3571 1548 3618 in
1583 3584 1771 3619 rasura
1807 3569 1852 3630 Q
1890 3584 1956 3624 m
1984 3584 2088 3635 pr.-
