2563 4087
1202 1017 1309 1081 III

271 1185 554 1266 Βιβλίον
600 1176 899 1265 μυθικὸν
945 1181 1067 1246 τοῦ
1109 1178 1469 1264 Αἰσώπου,
1519 1186 1847 1263 εἰκονίζον
1895 1178 2029 1248 ἀπὸ
2080 1184 2218 1248 τῶν

339 1279 608 1365 ἀλόγων
642 1278 831 1362 ζώων
870 1278 1036 1367 πρὸς
1072 1279 1191 1357 τάς
1229 1282 1346 1366 τῆς
1384 1277 1827 1369 ἀνθρωπίνης
1865 1281 2135 1368 φύσεως

1114 1380 1403 1467 πράξεις.

406 1595 729 1664 Αἴσωπος
782 1582 820 1652 ὁ
872 1583 1250 1673 μυθοποιός
1299 1584 1487 1673 Φρὺξ
1541 1584 1666 1673 μὲν
1721 1576 1806 1671 ἦν
1857 1585 1934 1654 τὸ
1990 1588 2210 1671 γένος,
2242 1615 2266 1653 5

265 1689 350 1776 τῇ
387 1684 560 1774 τύχῃ
612 1685 689 1754 δὲ
733 1689 1006 1771 δοῦλος,
1055 1688 1261 1772 μέλας
1310 1684 1638 1774 ὑπάρχων
1687 1689 1800 1755 καὶ
1852 1688 2206 1774 κακοειδὴς

269 1795 369 1866 εἰς
420 1785 811 1875 ’ὑπερβολὴν
861 1786 1147 1875 σφόδρα.
1231 1787 1314 1855 τοὶ
1369 1788 1443 1856 δὲ
1495 1789 1646 1876 περὶ
1698 1787 1916 1857 αὐτοῦ
1971 1791 2205 1873 σαφῶς

268 1896 368 1968 εἰς
403 1888 479 1957 τό
517 1890 707 1967 τέλος
744 1886 1050 1976 εὑρήσεις
1087 1891 1209 1957 τοῦ
1248 1896 1539 1977 βιβλίου.
1616 1880 1817 1968 οὗτος
1853 1887 1991 1957 ὑπὸ
2030 1888 2205 1975 ἀγα-ν

152 2065 157 2072 ,
265 1997 583 2070 θοποιιάς
633 1988 1036 2077 εὐπορήσας,
1089 1993 1446 2081 ἐχαρίσατο
1484 1988 1671 2081 αὐτῷ
1710 1990 1750 2080 ἡ
1788 1987 1957 2078 τύχη
1996 1989 2206 2076 λόγον

268 2100 539 2179 σοφίας,
569 2094 683 2159 καὶ
711 2093 948 2177 γέγονε
975 2095 1073 2182 τῷ
1107 2097 1222 2161 νοῒ
1256 2093 1636 2179 ἐπιτήδειος.
1694 2099 2043 2171 ποικίλους
2071 2092 2203 2178 γὰρ
2234 2122 2283 2158 10

265 2192 539 2280 μύθους
602 2192 772 2280 πρὸς
827 2193 1243 2279 συνοπτικὴν
1296 2199 1607 2262 παιδείαν
1660 2195 1773 2262 καὶ
1827 2201 2207 2262 νουθεσίαν

268 2293 656 2381 ὠφελίμους
702 2292 1310 2375 καὶ’νουθετικοῦς
1362 2295 1886 2383 συνταξάμενος,
1939 2293 2206 2379 εἰσενή-

265 2421 462 2480 νοχεν
499 2402 593 2475 εἰς
630 2391 751 2463 τὸν
784 2401 966 2482 βίον,
1018 2398 1393 2483 προπλέξας
1430 2394 1702 2483 ἀλόγων
1736 2394 1924 2478 ζώων
1962 2401 2208 2463 κοινω-

264 2503 427 2564 νίαν
462 2494 876 2584 ἀνθρώποις,
911 2494 1049 2583 ἤθη
1087 2496 1374 2585 ἀθέμιτα
1411 2499 1525 2565 καὶ
1567 2503 1728 2584 ἔργα
1765 2498 1880 2564 καὶ
1909 2496 2206 2582 τρόπους

264 2605 614 2674 ποικίλους
670 2596 1135 2686 προσεικάσας,
1204 2601 1277 2666 ἐν
1329 2614 1473 2677 τοῖς
1527 2597 1775 2686 μύθοις
1843 2596 2205 2683 ἐδήλωσεν,
2235 2622 2283 2659 15

320 2793 402 2843 M:
440 2794 656 2843 Monac.
696 2795 808 2843 551.
881 2793 951 2843 B:
991 2795 1154 2844 Laur.
1193 2796 1274 2855 57,
1315 2797 1395 2845 30.
1467 2794 1546 2844 U:
1582 2793 1756 2859 Lugd.
1795 2746 2025 2843 {aleam
2068 2795 2150 2844 93.

400 2880 448 2926 2.
489 2881 538 2927 3.
573 2879 606 2927 4
642 2893 737 2928 om.
775 2877 819 2925 B
846 2878 899 2928 U
1004 2881 1036 2927 2
1075 2874 1374 2941 εἰκονίζων
1408 2879 1467 2928 Μ
1570 2882 1601 2929 5
1639 2873 1854 2937 ἔσωπος
1890 2877 1948 2926 Μ
2055 2869 2205 2942 Φρύξ

263 2946 328 3007 Β,
366 2942 420 2993 U
441 2946 502 2993 22
542 2941 797 3025 &dgeMt
834 2944 885 2994 U
909 2948 935 2994 1
1076 2949 1107 2996 6
1144 2942 1243 2996 καὶ
1280 2962 1386 3021 om.⁹
1414 2949 1457 2997 B
1484 2945 1536 2996 U
1666 2949 1694 2995 7
1732 2936 1803 2995 τοὶ
1826 2940 1934 3023 βε.
1956 2942 2209 3024 ,βιβλίου

263 3029 356 3063 om.
395 3011 440 3059 B
465 3011 513 3061 U
618 3014 650 3062 8
687 3026 802 3064 υπο
840 3028 932 3062 om.
971 3012 1015 3061 Β
1042 3014 1093 3064 U
1207 3006 1299 3079 ἀγ.
1327 3011 1471 3078 ευπ.]
1502 3006 1948 3078 ἀγαθοποιησας
1985 3013 2029 3061 Β
2067 3029 2205 3077 αγα-

262 3078 542 3137 θοποιίας
578 3078 630 3129 U
733 3081 764 3128 9
803 3079 1016 3144 σοφίαν
1040 3083 1084 3131 Β
1191 3073 1513 3146 ἕχαρήσατο
1548 3080 1608 3130 Μ
1700 3073 1982 3131 ἐπιστᾶσα
2010 3073 2163 3143 (..ἀ.
2187 3117 2199 3130 .

262 3145 330 3223 B)
370 3137 523 3196 αὖτῶ
558 3138 594 3212 ἦ
635 3138 777 3266 τύέη
816 3141 968 3212 ἔχαρ.
1008 3140 1165 3199 αὐτῶ
1203 3150 1251 3198 λ.
1292 3162 1342 3200 σ.
1382 3148 1434 3199 U
1459 3150 1502 3199 B
1609 3146 1785 3198 τῶνοῒ
1807 3147 1863 3225 Μ
1899 3145 1986 3224 τῷ,
2015 3147 2125 3198 νωῒ
2157 3148 2209 3196 U

263 3228 367 3264 τον
402 3211 464 3263 οῒ
497 3215 539 3262 Β
746 3208 1014 3279 πιτήὸιος
1050 3215 1107 3263 Μ
1133 3217 1183 3266 U
1208 3217 1253 3265 B
1425 3214 1711 3273 ποικίλοις
1758 3232 1866 3281 γαρ
1910 3214 2124 3279 μυθοις
2159 3215 2212 3264 U

402 3283 461 3329 11
498 3279 747 3332 παιδίαν
782 3282 827 3330 Β
936 3285 995 3332 12
1035 3274 1378 3348 ὠφελήμους
1413 3282 1471 3330 Μ
1577 3276 1733 3336 σὺντ.
1773 3283 1822 3333 U
1929 3285 1993 3331 13
2028 3294 2203 3342 προσ-

260 3341 482 3409 πλέξας
519 3347 569 3398 U
596 3348 639 3398 B
757 3353 820 3399 14
855 3340 1215 3414 ἀνθρώποις,
1251 3342 1378 3414 ἤθη
1416 3340 1675 3414 ἀθεμιτα
1700 3347 1801 3400 καὶ
1828 3344 1966 3413 ἔργα
1990 3351 2209 3412 scripsi:

267 3408 332 3465 ἐν
379 3407 717 3478 ἀνθρώποις
774 3412 911 3483 ἔργα
959 3414 1059 3467 καὶ
1113 3408 1239 3482 ἤθη
1287 3408 1547 3467 ἀθέατα·
1594 3418 1645 3468 U
1679 3416 1723 3464 B
1784 3406 1967 3480 ἤθεσί
2006 3431 2065 3465 τε
2111 3412 2210 3465 καὶ

266 3477 430 3546 ἔργα·
469 3482 529 3531 Μ
563 3486 750 3535 ceteris
783 3486 1165 3549 praetermissis
1268 3486 1332 3533 15
1368 3475 1735 3551 προσηκάσας
1775 3484 1815 3532 Β
1845 3483 1895 3532 U
2009 3474 2209 3548 ἕπιμυ·

268 3549 431 3603 θίοις
467 3552 584 3609 307,
626 3552 653 3622 ξ
794 3545 1045 3615 ἐδήλωσε
1080 3550 1157 3613 Μ,
1181 3549 1234 3599 U
1261 3554 1286 3599 1
