2563 4087
2077 242 2167 311 IX*

219 410 537 497 pendeva,
582 431 694 475 ma
737 410 806 475 in
851 409 1017 475 fatto
1069 459 1083 471 .
1133 457 1147 470 .
1195 410 1563 473 esercitava
1604 409 1710 475 un'
1757 410 2046 473 autorita
2091 410 2161 474 di

220 513 511 599 principe
567 512 757 597 quasi
814 509 1302 597 indipendente.
1392 510 1450 574 11
1486 509 1677 575 -duca
1719 508 2030 575 Gabriele
2085 511 2159 577 fu

218 613 576 699 preceduto
621 611 728 679 nel
771 632 1060 696 governo
1107 612 1176 676 di
1219 610 1530 677 Melitene
1575 611 1661 675 da
1690 609 1974 676 Filartes
2025 610 2159 694 (Fi-

219 716 479 797 larete),
528 714 573 778 il
621 712 811 799 quale
856 735 1027 777 avea
1068 714 1291 779 ritolta
1336 714 1401 777 ai
1445 713 1693 779 Turchi
1737 712 1956 800 quella
1999 714 2160 779 citta

219 838 253 880 e
282 815 331 880 il
361 815 697 883 territorio
729 814 1142 902 dipendente,
1191 813 1260 878 di
1306 814 1425 880 che
1469 815 1904 900 l'imperatore
1936 816 2158 882 bizan-

222 919 364 982 tino
396 915 461 982 lo
490 917 739 1003 premio
772 938 893 983 con
925 917 1080 981 doni
1124 940 1162 980 e
1205 918 1306 981 col
1352 916 1539 981 titolo
1584 915 1651 980 di
1695 917 1993 999 Sebaste,
2039 919 2159 982 che

216 1019 542 1083 treviamo
596 1027 857 1105 portato
911 1018 1119 1083 anche
1174 1016 1262 1081 da
1318 1016 1627 1085 Gabriel:
1683 1019 1870 1101 (12).’
1961 1028 2158 1104 atque

216 1120 341 1183 hac
399 1118 807 1205 praefatione
863 1143 1012 1185 cum
1066 1119 1123 1183 I.
1177 1124 1277 1185 Fr.
1337 1119 1743 1183 Boissonade
1798 1132 2157 1186 commotus

219 1230 395 1285 esset
427 1229 500 1285 ut
528 1222 600 1285 in
631 1221 802 1287 libro
834 1244 951 1289 suo
982 1259 1065 1268 —-
1095 1221 1341 1307 prodiit
1383 1220 1654 1285 Parisiis
1705 1221 1868 1285 1828
1916 1261 1993 1270 -
2042 1222 2160 1285 ‘de

219 1322 501 1409 Syntipa
563 1332 631 1386 et
698 1323 861 1408 Cyri
914 1322 1050 1389 filio
1108 1320 1622 1408 Andreopuli
1677 1323 2156 1389 narrationem’

217 1427 433 1501 inesse
502 1424 948 1511 profiteretur,
1016 1426 1215 1489 ceteri
1268 1423 1354 1487 ad
1410 1446 1609 1488 unum
1668 1446 1891 1489 omnes
1951 1427 2157 1490 secuti

218 1534 393 1591 sunt.
482 1537 556 1593 at
607 1525 773 1590 nihil
824 1512 1106 1612 amplius
1163 1547 1239 1591 eo
1295 1528 1580 1591 carmine
1633 1525 1919 1591 efficitur
1963 1549 2159 1613 quam

216 1625 714 1713 Andreopulum
772 1627 953 1691 illam
1010 1628 1476 1701 recensionem:
1506 1628 1823 1710 edidisse,
1891 1629 2161 1693 minime

220 1751 378 1792 uero
423 1728 665 1792 librum
724 1729 942 1814 ipsum
995 1752 1077 1793 ex
1126 1727 1350 1813 lingua
1396 1728 1665 1815 Syriaca
1721 1731 1787 1793 in
1834 1728 2158 1797 Graecam

216 1831 669 1913 transtulisse3
725 1831 1050 1917 -respicias
1104 1830 1303 1895 uelim
1361 1831 1711 1916 praecipue
1766 1831 1974 1895 uerba
2028 1853 2157 1895 πα-

216 1936 480 2014 ροῦσαν
546 1931 930 2015 μετήγαγον
982 1932 1290 2015 γέγραφα
1349 1934 1623 2014 ἔσχατος
1669 1928 2012 2014 Ῥωμαίων
2068 1935 2156 2018 (6.

216 2035 278 2101 7.
325 2034 386 2099 8.
439 2035 567 2120 15).
654 2058 796 2100 mos
853 2033 1026 2102 enim
1082 2043 1221 2099 erat
1264 2032 1526 2098 illorum
1569 2032 1904 2098 hominum
1960 2046 2054 2118 ut,
2101 2037 2157 2100 si

211 2137 455 2203 librum
515 2138 601 2202 ad
671 2136 774 2201 sui
835 2138 981 2201 aevi
1039 2157 1403 2204 sermonem
1460 2134 1692 2202 leuiter
1746 2137 2156 2202 immutatum

213 2241 429 2304 denuo
479 2240 859 2324 emiserunt,
905 2259 1096 2302 suum
1133 2259 1392 2321 nomen,
1440 2236 1689 2303 scilicet
1736 2249 1810 2305 ut
1853 2247 2157 2304 aeternae

213 2342 568 2406 memoriae
621 2339 981 2422 traderent,
1039 2340 1107 2403 in
1164 2339 1644 2406 dedicationem
1712 2340 1990 2404 uersibus
2048 2361 2155 2404 ex-

211 2464 512 2529 pressam
581 2443 913 2506 inferrent.
1011 2441 1194 2505 uelut
1260 2442 1329 2504 in
1394 2441 1640 2528 aliquot
1712 2440 1891 2505 libris
1959 2463 2156 2508 manu

211 2545 482 2629 scriptis
555 2542 639 2608 de
711 2543 1097 2628 Stephanite
1169 2552 1234 2607 et
1293 2542 1627 2607 Ichnelate
1716 2543 2154 2625 iarrationem,

210 2667 412 2732 quam
456 2646 527 2709 in
570 2644 901 2712 Graecum
947 2666 1313 2710 sermonem
1357 2666 1397 2706 a
1438 2642 1741 2708 Simeonis
1784 2642 1969 2707 Sethi
2011 2659 2155 2708 uer-

210 2769 360 2818 sum
406 2767 552 2812 esse
606 2755 886 2828 constat,
943 2746 1140 2811 simili
1197 2746 1484 2809 carmine
1529 2743 1870 2829 Eugenius
1916 2745 2156 2812 Panor-

208 2849 502 2920 mitanus
548 2846 676 2912 sibi
715 2848 1032 2913 uindicat.
1104 2867 1318 2932 neque
1347 2845 1536 2911 aliter
1580 2867 1683 2911 res
1722 2846 1802 2910 'se
1845 2845 2046 2913 habet
2090 2851 2160 2914 in

205 2952 468 3036 Aesopi
514 2951 672 3030 uita,
717 2972 887 3036 quae
931 2952 997 3014 in
1029 2947 1372 3035 codicibus
1403 2948 1833 3014 deterioribus
1866 2949 2159 3016 Maximo

207 3050 502 3116 Planudi
533 3053 876 3119 tribuitur:
924 3051 1041 3116 sed
1077 3072 1227 3115 cum
1269 3050 1529 3116 dicendi
1557 3072 1763 3135 genus
1794 3072 1834 3113 a
1866 3049 2158 3117 Planude

206 3154 581 3240 discrepat,
643 3164 782 3218 tum
837 3152 903 3216 in
958 3151 1338 3218 melioribus
1397 3150 1581 3215 libris
1638 3152 1941 3217 omnibus
2009 3153 2158 3238 quis

206 3241 362 3318 eam
393 3255 855 3340 conscripserit
883 3274 1014 3318 non
1037 3254 1300 3320 dicitur.
1340 3262 1602 3319 tantum
1633 3254 1839 3335 igitur
1869 3254 2058 3319 abest
2081 3263 2156 3318 ut

201 3356 329 3419 ille
358 3356 802 3419 narrationem
836 3356 1278 3442 composuerit
1316 3393 1383 3402 —-
1422 3352 1632 3428 altera
1661 3357 1831 3422 enim
1862 3357 2154 3431 recensio

203 3456 332 3521 illo
364 3457 815 3542 antiquiorest
852 3494 958 3539 -—,
989 3466 1063 3528 ut
1083 3478 1173 3521 -ne
1202 3458 1365 3522 haec
1393 3456 1658 3542 quidem
1689 3458 1980 3524 recensio
2011 3456 2153 3521 iure

200 3561 270 3624 ei
305 3557 516 3622 tribui
546 3558 771 3643 possit.
826 3558 1110 3624 ediderit
1140 3569 1360 3624 autem
1390 3565 1462 3634 ut
1493 3554 1941 3639 anthologiam
1985 3579 2154 3643 quae

320 3684 443 3727 Fu.
469 3685 592 3727 Bon.
618 3686 653 3727 1.
