2563 4087
994 266 1243 333 Aesopus
1278 266 1306 316 I
1875 300 1885 311 ·
1997 267 2120 331 241

157 420 387 508 ὀὗτος
448 434 876 514 λειτουργίαν
938 431 1238 494 εἰσοίσει·
1303 427 1417 496 καὶ
1477 423 1670 512 ἡμεῖς
1729 426 1805 493 τὸ
1866 434 2121 514 τίμημα

177 531 434 600 τούτου
462 526 1033 616 καταθησόμεθα“
1044 582 1064 615 ,
1091 528 1365 606 Ξάνθος
1398 533 1557 614 ε’·φη
1597 525 1816 613 „emec
1844 536 2177 613 γελοῖον
2150 569 2194 608 p.
2207 558 2334 600 221).-

160 630 264 702 ἂν
302 642 408 719 εἴη
441 630 625 718 ὑμᾶς
650 628 776 716 μὲν
806 631 1062 697 ἐκτῖσαι
1093 630 1171 697 τὸ
1206 637 1487 716 τίμημα,
1527 627 1642 715 ἐμε
1677 627 1778 697 δὲ
1788 629 1910 697 τὸν
1948 633 2118 699 δοῦ-

177 743 302 803 λον
332 731 758 820 ὠνήσασθαι·
814 728 1036 809 ἄλλως
1061 757 1133 799 τε
1159 732 1274 801 καὶ
1309 729 1387 797 τὸ
1415 730 1705 815 γύναιόν
1720 756 1866 819 ,μου
1894 733 2115 801 καθά-

166 862 362 924 Ιρειον
400 833 507 921 ὄν,
555 832 683 901 οὐκ
719 828 805 900 ἂν
841 830 1200 918 ἀνάσχοιτο
1246 829 1372 900 ὑπ’
1430 835 1716 921 αἰσχροῦ
1771 841 2118 921 σωματίου
2144 861 2170 902 5

170 931 733 1027 ύπηρετεῖσθαιςί.
788 936 928 1002 τῶν
956 933 1032 1002 δὲ
1060 937 1522 1021 σχολαστικῶν
1551 925 1755 1013 αὖθις
1784 935 2122 1004 εἰπόντων

185 1038 373 1130 ,,οἰλλ’
420 1036 627 1124 ἐγγύς
663 1035 705 1122 ἡ
740 1035 1002 1123 γνώμη,
1048 1033 1423 1124 καθηγητά,
1470 1037 1594 1104 τοῦ
1633 1036 1723 1123 μὴ
1760 1044 2123 1117 πείθεσθαι

170 1138 549 1227 γυναικίίς,
601 1138 637 1206 6
693 1137 1065 1225 φιλόσοφος
1118 1137 1294 1207 εἷπε·
1362 1136 1724 1226 ,,λοέβωμεν
1786 1138 2121 1226 πρότερον

174 1259 425 1330 πεῖραν
466 1248 537 1310 εί
560 1239 712 1309 οἶδε’
741 1265 826 1326 τι,
862 1238 955 1327 μή
982 1264 1142 1308 ποτε
1168 1241 1283 1308 καὶ
1312 1238 1388 1307 τὸ
1417 1246 1667 1327 τίμημα
1693 1239 1913 1327 μάτην
1942 1239 2119 1308 ἀπό-

180 1343 442 1432 ληται“.
501 1341 904 1426 προσελθών
930 1345 1106 1426 γοῦν
1132 1345 1226 1433 τῷ
1256 1340 1562 1433 Αἰσώπῳ
1603 1340 1889 1429 ,,χαῖρε“
1929 1349 2114 1430 φησί.
2146 1371 2195 1411 10

175 1448 294 1515 mal
321 1444 429 1525 ὃς·
466 1442 604 1531 ,,μὴ
632 1444 764 1532 γὰρ
796 1441 1237 1531 ἐλυπούμην“
1249 1475 1265 1526 3
1303 1444 1418 1511 καὶ
1447 1440 1483 1509 6
1513 1441 1813 1523 Ξάνθος·
1847 1442 2121 1529 „domi-

182 1554 374 1635 ζομαί
415 1546 567 1616 σε“.
638 1544 983 1623 κάκεῖνος·
1039 1543 1287 1632 ,,κᾶγώ
1340 1542 1495 1613 σε’“.
1578 1546 1693 1612 καὶ
1748 1543 1784 1613 6
1848 1545 2121 1624 Ξάνθος

178 1646 316 1736 ἅμα
361 1663 510 1727 τοῖς
557 1644 784 1725 ἄλλοις
833 1647 943 1715 ἐπὶ
991 1648 1086 1737 τῷ
1138 1645 1507 1737 παραλόγῳ
1554 1648 1668 1714 καὶ
1721 1649 1966 1739 ἑτοίμῳ
2003 1649 2121 1733 τῆς

179 1748 600 1839 ἀποκρίσεως
653 1751 1033 1835 ἐκπλαγείς,
1082 1746 1312 1837 ἤρετο·
1365 1749 1715 1836 ,,ποταπός
1764 1746 1908 1831 εἷ“;
1960 1747 1996 1816 6
2046 1752 2127 1817 δέ

194 1851 490 1938 ,,με’λας“
531 1858 718 1939 φησί.
769 1851 884 1917 καὶ
922 1847 958 1916 6
988 1850 1289 1929 Ξάνθος·
1333 1848 1463 1937 ,,ού
1492 1850 1699 1918 τοῦτό
1727 1875 1919 1937 φημι,
1948 1849 2119 1918 ἀλλὰ
2148 1878 2197 1917 15

184 1953 395 2022 πόθεν
431 1950 931 2040 γεγέννησαι“;
985 1953 1100 2019 καὶ
1138 1949 1242 2030 ὅς·
1300 1954 1435 2038 ,,ε’κ
1488 1954 1605 2037 τῆς
1658 1951 1949 2040 γαστρὸς
2001 1957 2119 2038 τῆς

186 2055 425 2144 μητρός
466 2054 670 2143 μου“.
743 2056 859 2123 καὶ
896 2052 932 2122 6
970 2055 1272 2134 Ξάνθος·
1328 2051 1458 2141 „013
1496 2057 1701 2123 τοῦτο
1737 2055 1938 2141 λέγω,
1975 2052 2117 2122 ἀλλ’

190 2159 258 2223 ἐν
274 2165 445 2250 ποίῳ
461 2158 653 2249 τόπῳ
665 2158 1063 2244 γεγέννησαι
1080 2155 1147 2236 ;“
1175 2154 1521 2234 κάκεῖνος·
1561 2154 1739 2242 „ofin
1767 2155 2127 2244 ἄνήγγειλέ

193 2285 293 2343 μοι
335 2258 376 2346 ἧ
425 2260 643 2348 μήτηρ
679 2284 838 2345 μου,
887 2258 1175 2344 πότερον
1223 2262 1299 2328 ἐν
1334 2257 1617 2350 ἀνώγεω
1651 2253 1693 2344 ἢ
1729 2258 2117 2352 κατοίγεωΨ

316 2408 345 2455 2
382 2405 554 2458 τοῦτο
589 2405 637 2455 Α
673 2396 842 2456 τούτο
879 2405 922 2454 Ρ
1060 2396 1090 2455 6
1133 2401 1356 2468 ξάνθός
1391 2421 1426 2454 v
1565 2410 1597 2457 3
1636 2422 1707 2457 αν
1746 2403 1861 2471 εἴη]
1901 2401 2007 2469 μὲν
2046 2395 2121 2456 ἄν

201 2468 282 2537 εἴη
318 2475 362 2537 Q
468 2469 576 2540 μὲν
611 2489 704 2524 om.
729 2473 1125 2522 EHFKZv
1229 2465 1450 2524 ἔκτίσαι
1485 2473 2119 2555 MVQDOEREHV

317 2545 349 2591 4
392 2537 529 2608 μου]
582 2536 690 2605 μὲν
734 2541 780 2603 Q
937 2533 1232 2622 καθάριον
1275 2541 1604 2603 DFKZv,
1650 2544 1703 2589 in
1748 2541 1794 2603 Q
1834 2556 1885 2591 ει
1928 2556 1995 2595 m.
2034 2556 2117 2605 pr

196 2609 280 2656 sed
310 2617 362 2658 zet
392 2612 599 2661 uidetur
635 2625 772 2658 corr.
810 2625 880 2658 επ
917 2626 938 2658 ι
1097 2613 1128 2660 5
1174 2601 1247 2658 ἂν
1285 2625 1376 2659 om.
1413 2609 1453 2657 Ζ
1616 2598 1875 2674 σώματος
1913 2608 1961 2658 Φ

198 2674 223 2721 7
241 2670 577 2753 καθηγητοὲ,
616 2672 718 2727 τοῦ
753 2679 969 2740 scripsi:
1007 2669 1322 2743 καθηγητὰ
1359 2671 1425 2725 τὸ
1464 2676 1509 2756 Q
1545 2675 1597 2724 D
1642 2676 1713 2738 R,
1755 2678 1825 2739 ef.
1857 2676 1942 2725 W.
1993 2694 2101 2732 κα..

196 2732 259 2790 τὰ
292 2737 351 2794 τὸ
387 2763 496 2796 cum
532 2747 703 2809 spatio
746 2747 896 2794 trium
939 2747 1224 2794 litterarum
1259 2744 1318 2793 M
1353 2739 1503 2794 κατὰ
1538 2736 1602 2794 τὸ
1647 2744 1696 2792 V
1720 2745 1764 2793 E
1792 2744 1844 2793 H
1869 2746 1914 2794 F
1943 2745 1994 2793 K
2019 2745 2058 2794 Z
2084 2761 2120 2792 v

197 2808 285 2859 τοῦ
319 2818 471 2864 solum
519 2812 568 2862 Φ
737 2811 1035 2863 πίθεσθαι
1072 2813 1113 2861 Ζ
1287 2815 1318 2863 8
1366 2805 1640 2889 γυναικὸς
1684 2812 1731 2862 R
1914 2807 2039 2865 εἷπε
2072 2814 2121 2860 V

196 2880 280 2926 sed
312 2894 335 2929 ε
369 2883 576 2931 uidetur
609 2896 746 2931 corr.
785 2896 856 2930 eoe
895 2895 975 2946 εν,
1025 2874 1189 2932 εἶπεν
1222 2879 1281 2927 M
1457 2873 1708 2961 λάβομεν
1753 2880 1797 2930 Ρ
1823 2882 1868 2930 Ε
1897 2882 1949 2930 Η

198 2944 401 3022 πρῶτον
436 2948 495 2996 Μ
614 2950 647 2998 9
683 2951 900 3027 πεῖραν
930 2964 1022 2999 om.
1063 2948 1108 3009 Q
1224 2937 1548 3013 ἄπόλληται
1586 2949 1633 2999 Φ
1671 2940 1958 3000 οἷπόλνται
1994 2950 2043 2998 V
2068 2949 2118 2999 D

201 3002 487 3065 ἄπόλειται
527 3016 572 3063 Ε
737 3019 801 3065 10
836 3002 939 3066 οὖν
974 3016 1025 3065 Κ
1187 3015 1370 3096 φησίν
1405 3016 1451 3065 Ε
1596 3019 1655 3065 11
1708 3006 2046 3098 ἆσπᾶσομαί
2077 3018 2117 3066 Ζ

311 3084 367 3131 12
402 3100 531 3133 κακ.
571 3076 726 3150 καγώ
765 3098 827 3134 σε
864 3083 932 3146 D,
970 3101 1020 3134 κ.
1060 3075 1218 3148 κάγώ
1255 3098 1318 3134 σε
1355 3084 1399 3146 Q
1527 3086 1589 3135 13
1626 3083 1728 3150 τῆς
1766 3076 2119 3166 αποκρίσεως

198 3158 280 3194 om
316 3149 358 3198 R
484 3154 548 3201 15
586 3148 768 3216 φησὶν
806 3153 848 3200 Ε
976 3146 1006 3200 ὁ
998 3149 1112 3268 νζ,
1155 3149 1357 3216 φησὶν,
1400 3142 1469 3203 οὖ
1504 3169 1551 3204 τ.
1590 3169 1651 3217 φ.
1693 3154 1736 3202 R
1860 3156 1922 3203 16
1959 3148 2117 3220 ’γεγέ-

201 3276 355 3328 νησαι
389 3267 975 3319 ΒΦΕΗΡΚΖν.
986 3287 1068 3323 .ν..
1105 3271 1152 3320 R
1266 3268 1368 3321 καὶ
1404 3263 1524 3334 ὁξ.
1562 3297 1626 3306 -
1629 3287 1773 3351 μου
1811 3270 1922 3336 (17)
1959 3288 2051 3321 om.
2078 3272 2118 3319 Z

324 3336 383 3384 17
416 3334 518 3387 καὶ
553 3327 642 3401 ὃς]
678 3335 776 3387 καὶ
817 3326 847 3389 ὃ
886 3330 915 3389 ὁ
955 3337 1039 3400 Ρ,·
1032 3330 1326 3397 mansibus
1362 3338 1412 3388 V
1537 3354 1720 3389 τοντω
1756 3339 1796 3387 Ζ
1928 3340 1989 3389 18
2027 3353 2118 3405 ’γε-

204 3392 420 3465 γένησαι
458 3406 503 3467 Q
531 3404 579 3454 D
607 3406 658 3454 K
680 3407 725 3454 F
752 3423 801 3467 v,
845 3409 900 3455 in
936 3406 984 3455 R
1014 3408 1166 3470 prius
1200 3422 1233 3455 ν
1270 3409 1392 3456 add.
1423 3423 1490 3455 m.
1521 3422 1598 3472 pr.
1706 3396 2048 3472 ἆνήγγειλὲν
2074 3406 2117 3455 Ρ

323 3471 382 3519 19
411 3487 540 3547 μου
583 3490 676 3523 om.
713 3473 769 3522 M
793 3474 837 3536 Q
865 3473 915 3522 D
942 3473 1091 3535 RH,
1138 3475 1183 3522 Ε
1221 3474 1374 3554 (sed
1384 3477 1438 3524 in
1481 3475 1576 3524 hoe
1616 3475 1747 3524 libro
1784 3489 1981 3523 erasum
2017 3472 2116 3539 est)

321 3529 588 3620 πρότερον
625 3541 667 3590 Ρ
824 3534 886 3592 ἐν
921 3558 1015 3592 om
1052 3511 1104 3590 R
1128 3544 1173 3590 E
1338 3534 1572 3607 ἄνωγὲω
1609 3531 1642 3607 ἢ
1681 3534 1950 3606 κατωγέω
1986 3540 2045 3590 Μ
2068 3543 2118 3593 V

204 3595 242 3657 Q
266 3598 308 3649 R
331 3605 371 3653 P
397 3607 441 3656 E
465 3608 520 3657 H
555 3598 837 3675 ἆνωγαίω,
880 3599 913 3672 ἢ
952 3609 1254 3675 κατωγαίω
1292 3610 1342 3658 D

292 3692 606 3740 Fan.1zom.1.
1800 3696 1863 3744 16
