2563 4087
2008 287 2125 350 147

172 427 377 496 λα’κει
427 429 672 515 γῆρας,
724 429 949 507 νεᾶνις
997 426 1065 495 δ’
1121 427 1261 514 ε’γῶ
1310 430 1424 496 καὶ
1462 425 1640 516 (τῆς)
1677 430 1813 496 τῶν
1848 426 2126 516 ἀνδρῶν

174 536 571 608 συνουσίας
609 527 792 596 πάνυ
829 530 1115 615 ἐφίεμαι.
1171 531 1287 598 καὶ
1325 529 1411 598 σύ
1451 528 1517 598 δ’
1561 528 1653 610 ῶς
1689 527 1829 620 ὁρῶ
1856 532 2010 609 νέος
2038 528 2123 614 εἷ,

176 637 425 717 ἔτυχες
464 629 543 698 δὲ
576 631 691 698 καὶ
727 630 1118 718 κατακόρως
1153 629 1398 718 φαγών
1433 633 1548 700 καὶ
1586 631 1785 720 πιῶν,
1828 637 2020 717 ἔτυχε
2055 629 2120 699 δ’

175 731 513 812 ῶςαύτως
545 733 677 800 καὶ
732 723 768 799 ὁ
807 731 1143 812 σύνευνος
1180 731 1217 801 ὁ
1268 731 1427 820 ἐμὸς
1476 729 1869 819 ἀποδημῶν.
1931 735 2124 822 ἐγερ-

172 836 335 914 θεὶς
373 824 528 919 οὖν,
563 830 689 919 τὴν
726 838 963 919 ἕφεσίν
990 861 1101 921 μοι
1132 833 1504 923 ἐκπλήρου.’
1560 837 1776 904 ταῦτα
1803 833 2124 922 εἰπούσης
2149 862 2175 902 5

175 938 305 1021 τῆς
344 933 675 1021 γυναικὸς
711 933 882 1021 πρὸς
918 933 1183 1023 ἀπάτην
1219 937 1340 1003 τοῦ
1378 933 1772 1024 ὁδοιπόρου,
1821 943 2127 1006 πείθεται

176 1053 328 1117 τοῖς
365 1034 593 1122 λόγοις
630 1034 862 1122 αὐτῆς.
919 1037 1034 1105 καὶ
1073 1035 1371 1116 ἀναστὰς
1409 1035 1499 1116 ῶς
1537 1035 1793 1125 εὐήθης
1839 1037 1951 1105 καὶ
2002 1033 2147 1105 &fv—1

176 1165 314 1219 τως
351 1136 655 1224 ἠλίθιος,
699 1135 826 1224 τὴν
874 1138 1091 1226 ζώνην
1140 1144 1295 1208 ἔλυε
1328 1140 1451 1206 τοῦ
1493 1143 1677 1208 ἰδίου
1730 1145 2125 1226 φιμιναλίου

178 1244 305 1307 τοῦ
344 1238 472 1325 τὴν
519 1246 763 1327 κλίνην
814 1241 1248 1328 ἐπαναβῆναι.
1310 1242 1556 1309 ἰδοῦσα
1606 1238 1684 1309 δὲ
1729 1238 1773 1327 ἦ
1819 1240 1998 1327 γυνὴ
2046 1239 2119 1306 τὸ

180 1340 359 1429 πρὸς
399 1343 735 1428 ἐπιμιξίαν
770 1337 987 1408 αὐτοῦ
1023 1343 1439 1431 ταχυρρεπές
1466 1368 1537 1415 τε
1563 1340 1677 1409 καὶ
1705 1341 1968 1432 ῥᾴδιον,
2004 1340 2122 1420 τὰς
2152 1370 2200 1408 ιο

182 1458 419 1530 χεῖρας
473 1448 561 1529 τῇ
628 1444 872 1528 ἑαυτῆς
934 1445 1238 1512 ἐπιθεῖσα
1296 1445 1559 1532 κεφαλῇ
1620 1441 2125 1531 μεγαλοφῶνως

184 1545 630 1632 ἐκραύγασεν.
688 1540 948 1624 εύθέως
998 1543 1073 1613 δὲ
1120 1550 1193 1613 οῖ
1220 1549 1349 1613 τοῦ
1385 1553 1641 1632 χωρίου
1684 1545 1977 1613 κάτοικοι
2016 1543 2126 1613 ἐπὶ

184 1649 264 1733 τῇ
307 1642 523 1732 αὐτῆς
559 1647 829 1733 κραυγῇ
867 1644 1037 1735 πρὸς
1071 1647 1196 1733 τὴν
1231 1653 1460 1729 οἰκίαν
1499 1648 1784 1716 ἐπέθεον
1836 1649 2012 1715 ἰδεῖν
2057 1654 2131 1715 τί

184 1745 379 1815 τοῦτ’
422 1737 524 1832 ἦν.
582 1747 619 1816 ὁ
659 1749 743 1816 δέ
771 1772 849 1833 γε
882 1746 1274 1837 ὁδοιπόρος,
1328 1750 1589 1836 ἐκείνης
1637 1746 1816 1818 οὕτω
1859 1748 2126 1835 βοῶσης

185 1853 330 1917 τῶν
377 1847 440 1916 τ’
495 1851 841 1937 ἐγχωρίων
889 1846 1059 1937 πρός
1108 1847 1325 1936 αὐτὴν
1390 1852 1772 1939 ἐρχομένων
1832 1849 1947 1917 καὶ
2008 1851 2124 1936 τῆς
2153 1873 2202 1913 15

185 1951 513 2040 τραπέζης
551 1957 647 2019 ἔτι
682 1951 812 2041 πρὸ
849 1947 1066 2019 αὐτοῦ
1109 1953 1490 2039 ἱσταμένης,
1541 1942 1627 2038 ἦν
1663 1949 1902 2029 δεδιῶς
1940 1953 2007 2030 ἐς
2043 1949 2125 2017 τοὶ

188 2054 514 2140 μάλιστα,
567 2056 910 2145 ἐρυθριῶν
956 2053 1071 2122 καὶ
1121 2052 1489 2142 ἀμηχανῶν
1541 2054 1650 2123 ἐπὶ
1698 2055 1890 2145 τῷδε.
1980 2059 2124 2121 εἰσ-

194 2155 513 2234 ελθόντες
549 2155 627 2224 δὲ
663 2161 736 2224 οῖ
764 2155 1073 2245 ἄγροῖκοι
1107 2156 1380 2241 λέγουσι
1414 2158 1496 2245 τῇ
1534 2162 1847 2241 γυναικί·
1913 2153 2124 2232 ‘vivos-,-

193 2260 420 2327 ἕνεκεν
448 2256 558 2326 ἐπὶ
594 2260 948 2345 τοσοῦτον,
986 2248 1284 2343 ῶγύναι,
1323 2251 1750 2345 ἄνεβόησας’;
1787 2252 1833 2344 ἢ
1857 2256 1940 2324 δέ
1963 2275 2126 2344 φησι

194 2359 360 2447 πρὸς
411 2356 699 2438 αὐτούς·
764 2349 1002 2439 εοὗτος
1050 2356 1087 2426 ὁ
1132 2360 1322 2439 ξένος
1359 2355 1521 2447 παρ’
1561 2357 1756 2446 ἡμῶν
1791 2364 2121 2445 φιλοφρο-
2149 2380 2201 2420 20

194 2461 525 2548 νούμενος
560 2461 674 2528 καὶ
711 2457 845 2528 ἀπὸ
881 2463 1078 2547 τῆςδε
1111 2463 1228 2549 τῆς
1262 2461 1588 2548 τραπέζης
1645 2463 1932 2545 ἐσθίων,
1984 2455 2125 2526 ὑπό
2151 2491 2194 2529 p.
2225 2483 2274 2523 7⁷

192 2588 371 2642 τινος
418 2561 819 2650 θρύμματος
866 2564 991 2648 τὴν
1039 2562 1364 2651 φάρυγγα
1422 2563 1727 2647 χαλεπῶς
1797 2561 2125 2646 ἐπεσχέθη

197 2663 305 2730 καὶ
339 2664 585 2750 μικρὸν
621 2662 785 2733 ὅσον
833 2664 1272 2734 ἐκινδύνευεν
1319 2661 1921 2748 ἄπαγχονισθῆναι.
1990 2661 2122 2746 ἐγῶ

200 2763 261 2829 δ’
319 2762 565 2833 αὐτίκα
622 2767 733 2833 ἐπὶ
785 2766 960 2857 τῶδε
1009 2769 1103 2858 τῷ
1157 2764 1491 2852 συμβάντι
1539 2762 1802 2850 ἀθρόον
1849 2769 2125 2851 καιρίως

200 2863 544 2951 ἀλγήσασα
579 2867 693 2933 καὶ
728 2867 849 2935 τὸν
884 2864 1102 2955 ἄνδρα
1139 2868 1380 2946 τελέως
1423 2868 1718 2970 ἐκλιπεῖν
1766 2861 2117 2933 ὑποτοπά-
2149 2887 2200 2927 25

333 3065 357 3110 1
394 3061 495 3129 τῆς
529 3078 608 3113 om
752 3065 783 3113 5
818 3061 941 3129 μοι]
982 3077 1094 3128 μου
1130 3062 1173 3112 Ρ
1321 3065 1350 3112 ⁴2
1389 3057 1561 3122 αὐτός
1710 3054 1953 3128 εὖήθιος
1988 3064 2123 3123 cod„

203 3130 333 3193 quod
358 3131 588 3193 fortasse
622 3133 928 3181 seruandum
952 3138 1094 3185 emt,-
1129 3136 1207 3181 est
1231 3132 1360 3180 enim
1385 3132 1472 3196 qui
1493 3131 1588 3181 hoc
1612 3133 1806 3181 nomine
1830 3132 1990 3180 utitur

202 3196 232 3244 8
256 3196 642 3262 φημιναλιόυἱ>
678 3199 777 3248 sed
797 3200 912 3248 uide
936 3196 1084 3252 Suid.
1111 3200 1163 3247 in
1189 3198 1238 3251 h.
1265 3215 1317 3247 u.
1344 3205 1395 3248 et
1429 3198 1482 3247 in
1520 3187 1879 3275 ἀναξυρίδας
1914 3203 1966 3248 et
1989 3197 2123 3246 Din-

205 3262 417 3314 dorfium
451 3266 506 3316 in
541 3265 619 3315 St.
658 3265 762 3318 Th.
793 3267 847 3325 2,
885 3267 985 3315 394
1022 3273 1163 3316 extr.
1198 3266 1251 3314 in
1289 3262 1532 3330 βρακίον
1674 3267 1707 3316 9
1742 3262 1869 3330 τοῦ]
1910 3262 1988 3332 τῷ

207 3332 262 3380 11
293 3321 518 3412 ἕαυτῇςε
547 3349 577 3392 ς
598 3349 661 3382 m.
686 3349 771 3398 pr.
795 3340 978 3411 postea
1002 3334 1125 3388 add
1234 3334 1433 3382 11-15
1455 3335 1657 3397 plenius
1677 3332 1720 3382 P
1827 3333 1891 3381 14
1915 3334 1967 3380 in
1989 3346 2123 3380 mar-

202 3399 312 3461 aine
345 3390 418 3461 ιζ
558 3402 621 3451 16
658 3392 1064 3480 ἐσταμαλισταε
1103 3415 1233 3480 quae
1257 3402 1522 3483 scriptura
1555 3400 1758 3466 hyphen
1791 3401 1841 3448 in
1874 3399 1970 3448 hoc
1992 3397 2122 3447 libro

201 3464 600 3531 frequentissima
636 3475 716 3518 est
850 3470 917 3519 20
950 3459 981 3518 ὁ
1019 3458 1159 3531 παρ’
1198 3468 1242 3517 Ρ
1382 3461 1545 3533 ἡμῶν
1579 3469 1674 3519 hoc
1709 3470 1820 3517 loco
1844 3465 1896 3513 P
1926 3479 2123 3530 quoque

206 3533 399 3584 exhibet
540 3537 605 3586 21
643 3535 743 3588 καὶ
780 3552 855 3586 om
897 3534 942 3584 P
1085 3538 1151 3586 24
1188 3534 1425 3601 καιρίως
1463 3534 1602 3587 adeo
1637 3538 1699 3583 ut
1733 3548 1908 3597 paene
1946 3546 2122 3582 more·

207 3607 348 3650 retur
485 3605 549 3655 25
590 3618 672 3653 αν
709 3594 1003 3654 gazensem>

45 3491 48 3518 [

45 3649 48 3684 ‘¹
1613 3687 1714 3736 ιο*
