2563 4087
395 233 522 298 282
1210 233 1458 299 Aesopus
1493 233 1522 285 1

398 388 809 481 πρεσβευτὴς
866 390 1272 477 ἀνήνεγκεν,
1336 389 1428 471 ὥς
1475 389 1604 460 οὐκ
1650 385 1739 459 α”ν
1797 396 2129 479 δυνηθείη
2187 399 2351 460 Σα-

396 502 596 582 μίους
657 491 796 564 ὑπὸ
867 506 1059 580 χεῖρα
1122 498 1391 579 λαβεῖν,
1477 492 1809 562 Αἰσώπου
1884 490 2035 579 παρ’
2100 489 2350 571 αὐτοῖς

398 593 616 682 ὄντος,
653 593 1070 682 καὶγνώμας
1109 591 1572 675 ὑποτιθέντος.
1626 593 1856 682 ,,δύνῃ
1902 592 1979 662 δὲ
1996 590 2346 680 μᾶλλον,“

386 696 589 766 εἶπεν
658 687 766 783 ,,ὦ
813 699 1128 784 βασιλεῦ,
1184 696 1496 782 πρέσβεις
1548 692 1951 774 ἀποστείλας
2008 695 2351 781 ἐξαιτῆσαι

348 824 374 864 5
399 796 549 886 παρ’
625 795 858 866 αὐτῶν
927 805 1284 885 Αἴσωπον,
1355 793 1822 885 ὑποσχόμενος
1884 793 2120 876 αὐτοῖς
2182 793 2343 863 ἀντ’

361 897 614 968 ἀὐτοῦ
677 898 950 986 χάριτας
1010 894 1218 978 ἄλλας
1287 922 1359 965 τε
1423 896 1667 966 διόσειν
1688 949 1708 984 ,
1776 898 1893 966 καὶ
1951 897 2155 966 λύσιν
2200 899 2349 964 τῶν

401 1001 933 1086 ἐπιταττομένων
1012 998 1268 1087 φόρων.
1374 1000 1489 1066 καὶ
1571 998 1724 1068 τότε
1802 998 1973 1083 τάχα
2045 992 2191 1078 οἷός
2274 1024 2350 1067 τε

403 1108 521 1191 ἔσῃ
588 1102 852 1171 τούτων
918 1098 1472 1188 περιγενέσθαι.“
1562 1103 1677 1169 καὶ
1742 1097 1779 1168 ὁ
1848 1099 1976 1189 μὲν
2040 1107 2349 1188 Κροῖσος

399 1203 568 1272 κατὰ
623 1207 838 1271 ταῦτα
890 1201 1313 1292 πρεσβευτὴν
1372 1200 1803 1288 ἀποστείλας,
1867 1205 2145 1270 ἔκδοτον
2199 1197 2348 1289 ᾔτει

326 1331 376 1371 10
402 1305 522 1374 τόν
569 1314 912 1374 Αἴσωπον.
988 1302 1235 1390 Σάμιοι
1284 1302 1360 1372 δὲ
1407 1306 1655 1372 τοῦτον
1706 1301 2028 1373 ἐκδόσθαι
2061 1301 2347 1390 γνώμης

402 1407 736 1493 ἐγένοντο.
832 1414 1145 1484 Αἴσωπος
1199 1403 1274 1473 δὲ
1330 1408 1534 1473 τοῦτο
1579 1404 1853 1493 μαθών,
1908 1406 1983 1472 ἐν
2029 1404 2217 1495 μέσῳ
2273 1430 2350 1472 τε

401 1510 519 1594 τῆς
566 1506 819 1595 ἀγορᾶς
859 1512 1012 1594 ἔστη
1061 1507 1175 1574 καὶ
1212 1513 1455 1593 φησίν·
1510 1504 1804 1595 ,,ἅνδρες
1842 1504 2113 1593 Σάμιοι,
2149 1502 2347 1591 κάγώ

400 1608 527 1697 μὲν
563 1611 716 1695 περὶ
752 1611 1010 1675 πολλοῦ
1052 1610 1372 1695 ποιοῦμαι
1420 1606 1604 1695 παρὰ
1640 1607 1803 1687 τούς
1840 1606 2058 1685 πόδας
2096 1604 2350 1694 ἀφικέ-

402 1720 565 1778 σθαι
588 1711 712 1777 τοῦ
739 1708 1086 1797 βασιλέως·
1140 1709 1357 1777 ἐθέλω
1383 1707 1461 1777 δὲ
1486 1706 1656 1796 υμῖν
1691 1712 1812 1778 ἕνα
1835 1711 2069 1796 μῦθον
2100 1713 2346 1777 εἰπεῖν.

328 1833 379 1874 15
406 1809 565 1880 καθ’
625 1807 705 1878 ὃν
754 1809 1006 1898 χρόνον
1060 1807 1391 1896 ὁμόφωνα
1441 1800 1529 1897 ἦν
1579 1810 1662 1878 τὰ
1713 1811 1871 1897 ζωα,
1923 1809 2221 1897 πόλεμον
2278 1814 2351 1877 οι

401 1913 599 1981 λύκοι
633 1927 775 1992 τοῖς
811 1911 1172 1999 προβάτοις
1209 1914 1547 1999 συνῆψαν.
1606 1939 1746 1980 των
1781 1910 1857 1980 δὲ
1891 1911 2127 1979 κυνῶν
2165 1931 2348 1998 συμ

402 2014 808 2104 μαχούντων
853 2028 999 2094 τοῖς
1047 2014 1389 2102 θρέμμασι
1437 2014 1552 2082 καὶ
1588 2012 1752 2093 τοὺς
1787 2013 2043 2093 λύκους
2079 2009 2346 2081 ἀποσο-

401 2116 741 2204 βούντων,
790 2120 863 2184 oc
890 2114 1086 2184 λύκοι
1120 2112 1540 2203 πρεσβευτὴν
1574 2114 2120 2203 ἀποστείλαντες,
2169 2121 2346 2201 ἔφα-

404 2237 533 2286 σαν
583 2233 726 2296 τοῖς
780 2216 1140 2304 πρόβασιν,
1195 2223 1259 2285 εἰ
1307 2216 1669 2304 βούλοιντο
1719 2219 1920 2305 βιοῦν
1977 2219 2050 2285 έν
2099 2215 2343 2305 εἰρήνῃ

539 2432 566 2479 1
604 2420 927 2513 ἀνήγγελεν
963 2429 1008 2492 Q
1172 2443 1244 2480 σα
1247 2428 1417 2507 μίους
1452 2445 1547 2480 om.
1584 2430 1631 2482 Φ
1793 2433 1825 2481 3
1860 2427 2114 2507 γνῶμοις
2149 2429 2194 2478 Ρ

402 2490 786 2557 υποτιθέντες
823 2497 871 2547 Φ
1008 2487 1184 2575 δύνῃ]
1225 2447 1287 2548 εἰ
1314 2488 1463 2562 δύνη
1503 2498 1549 2561 Q
1670 2499 1705 2546 4
1741 2514 1784 2548 ω
1820 2494 2061 2577 βασιλεῦ
2101 2489 2322 2547 εἷπεΦ
2269 2495 2339 2562 Φ,

405 2567 451 2629 Q
492 2567 669 2629 (erasa
702 2568 735 2616 l.
771 2563 856 2629 ν),
989 2549 1338 2623 ἀποστείλας
1373 2567 1427 2615 in
1461 2565 1503 2614 Z
1535 2565 1727 2629 factum
1764 2581 1834 2615 ex
1869 2555 2218 2622 α’πόστειλας

404 2626 702 2700 έξαίτησαι
738 2633 794 2710 Q
831 2648 982 2683 eraso
1021 2632 1108 2697 qui
1139 2633 1192 2682 in
1227 2649 1263 2697 η
1302 2639 1419 2682 erat
1452 2641 1667 2683 accentu
1702 2633 2027 2696 circumflexo
2168 2635 2200 2682 5
2236 2621 2345 2682 αὖ·

396 2705 522 2762 τοῖς
555 2708 676 2765 post
710 2691 919 2751 δωσειν
955 2703 1189 2751 conlocat
1225 2699 1273 2750 Φ
1422 2702 1454 2751 6
1491 2689 1671 2759 αλλάς
1708 2715 1769 2751 τε
1806 2701 1855 2750 Β
1879 2701 1923 2751 P
2046 2688 2247 2751 λύσειν
2284 2698 2346 2750 Μ

554 2839 584 2885 7
621 2784 1044 2919 ἔπιτετέμένων
1082 2835 1127 2896 Q
1166 2797 1553 2916 έπῖῗτομένων
1590 2835 1638 2884 Β
1681 2851 1750 2885 m.
1776 2850 1857 2901 pr.
2007 2826 2133 2893 oto«,—
2179 2848 2240 2885 τε
2287 2833 2346 2884 Μ

399 2902 450 2954 Β
471 2902 512 2951 Ζ
537 2902 592 2952 Η
617 2902 663 2951 Ε
708 2898 829 2961 οἷος
865 2897 928 2954 τὲ
966 2901 1039 2952 K
1052 2897 1173 2961 οἷος
1208 2894 1266 2953 τ’
1311 2903 1358 2964 Q
1384 2902 1435 2951 D
1546 2905 1629 2954 8
1664 2899 2117 2981 περιγεναίσθαι
2160 2900 2207 2951 Ρ

400 2972 434 3022 9
469 2962 651 3021 ταύτὰ
691 2971 736 3020 Ρ
780 2964 852 3021 τὰ
889 2962 1039 3020 αὐτὰ
1073 2969 1122 3018 A
1255 2964 1523 3036 πρέσβεις
1569 2969 1617 3021 Φ
1755 2959 1918 3035 ἥττει
1953 2970 1998 3019 Ρ
2142 2971 2208 3020 10
2251 2959 2346 3019 ἐκ·

402 3079 586 3140 δόσθε
621 3088 666 3137 Ρ
772 3090 832 3138 11
867 3052 1066 3166 έγένντο
1105 3088 1157 3151 (τ
1189 3104 1290 3153 pro
1327 3104 1484 3139 erasa
1519 3089 1552 3137 1.
1592 3087 1640 3150 ε)
1673 3104 1745 3137 m.
1769 3102 1849 3152 p.1·
1891 3086 1961 3151 Q,
1998 3076 2259 3153 ἐγίνοντο
2297 3086 2345 3136 Β

537 3152 730 3220 τοῦτο]
779 3147 985 3208 τούτον
1029 3157 1074 3207 Ρ
1239 3151 1326 3223 τε]
1376 3150 1443 3207 δὲ
1488 3154 1661 3205 KZa
1695 3156 1731 3206 b
1776 3156 1909 3209 1530
1955 3151 2083 3214 (om.
2117 3153 2153 3203 b
2192 3155 2344 3218 1534,

344 3248 366 3266 '
401 3221 803 3371 ¹2⁴322>1132⁰2¹03
839 3218 901 3341 Ξὲ
938 3222 1237 3354 Μὲᾗᾶἒ.
1272 3290 1317 3340 P
1393 3221 1645 3356 Ιῖὅὲξῗ
1661 3220 2024 3371 ,ῗᾶῗιοῗῖὲω
2067 3191 2346 3369 (ΓὲἿ.·.ἕξ

399 3357 615 3505 2222ch
629 3360 812 3491 ἥῗιξύν
823 3356 1131 3492 1ῗὶμὲόέᾘά
1164 3374 1275 3488 (gc
1310 3350 1882 3479 9Τῗὲὒλυκοῗ4ῡθέλω
1898 3356 1967 3474 lg
1999 3357 2172 3475 λύκέῗ
2204 3347 2347 3476 gari.

405 3510 478 3543 ex
513 3486 705 3544 λάκοι
692 3494 759 3543 Ρ
934 3496 998 3546 18
1035 3488 1110 3558 ἕφ
1066 3507 1261 3574 φησαν
1300 3493 1370 3555 Φ,
1416 3488 1642 3558 ἔφασαν
1676 3492 1732 3542 H
1773 3492 1871 3542 sed
1902 3507 1941 3541 α
1974 3492 2029 3541 in
2062 3507 2174 3542 ras.

402 3559 467 3607 19
503 3554 811 3626 προβάτοις
848 3560 896 3612 Φ
1035 3558 1313 3624 βουλοντο
1348 3561 1392 3610 Ρ
