2563 4087
1020 251 1276 317 Aesopus
1312 252 1342 301 I
2023 248 2154 312 229

198 413 366 501 κε’τῃ
388 414 689 479 ω--τοῦτο
708 411 842 498 γὰρ
858 401 943 496 ἦν
963 408 1178 498 ὄνομα
1196 412 1291 499 τῷ
1312 414 1508 504 παιδί
1523 408 1985 497 -φυλάττειν
2007 409 2156 477 ἐκέ-

199 523 478 599 λευσεν,
501 511 594 592 οἷς
610 511 798 605 αὐτῷ
828 513 991 600 μετὰ
1007 511 1084 580 τὸ
1104 510 1402 601 λουτρὸν
1419 522 1845 600 παραθεῖναι.
1886 510 2157 599 συμβὰν

198 614 268 686 δ’
305 612 517 704 οὕτω,
540 615 656 682 καὶ
675 619 799 684 τοῦ
821 613 1155 684 Αἰσώπου
1182 613 1354 682 κατὰ
1386 613 1470 699 δή
1496 640 1646 681 τινα
1672 621 1907 701 χρείαν
1936 619 2157 682 εἰσελ-

198 717 463 796 θόντος
493 723 590 795 εἰς
616 716 743 802 τὴν
770 723 1020 803 οἰκίαν,
1054 714 1373 804 ἀφορμῆς
1403 714 1439 783 ὁ
1472 714 1905 801 Ἀγαθόπους
1946 713 2158 802 λαβό-

200 846 436 908 μενος,
469 817 733 906 βουλὴν
751 818 1022 886 τοιάνδε
1050 819 1193 886 τῶν
1216 816 1624 886 συνδούλων
1651 819 1783 885 τινὶ
1804 824 2157 906 προτείνει·
2185 831 2211 873 5

204 924 787 1009 ,,ἐμφορηθ·ῶμεν,
829 926 893 989 εἰ
931 923 1143 1005 δοκεῖ,
1171 924 1311 987 τῶν
1339 918 1595 1005 σύκων,
1625 909 1682 986 ὦ
1707 909 1935 1005 οὗτος,
1962 914 2093 986 κᾶν
2121 916 2156 986 ὁ

201 1021 541 1110 δεσπότης
579 1019 775 1110 ἡμῶν
812 1023 1026 1090 ταῦτα
1065 1020 1336 1111 ζητήσῃ,
1375 1019 1514 1089 ἀλλ’
1546 1018 1739 1108 ἡμεῖς
1766 1046 1844 1106 γε
1869 1022 1994 1089 τοῦ
2024 1025 2161 1090 Αἰ·-

202 1123 448 1193 σιόπου
499 1122 1193 1212 καταμαρτυρήσομεν
1228 1121 1434 1211 ἄμφω
1469 1120 1564 1201 ὥς
1612 1129 1711 1201 εἰς
1760 1121 1885 1208 τὴν
1929 1127 2157 1190 οἰκίαν
2193 1148 2235 1190 p·
2262 1135 2290 1176 8
2315 1136 2358 1177 b·

202 1224 697 1313 εἰσδραμόντος
738 1226 852 1293 καὶ
887 1223 1121 1304 ἀδείας
1142 1224 1470 1310 τυχόντος
1497 1224 1712 1292 καὶτὰ
1736 1227 1912 1291 σῦκα
1932 1223 2159 1310 λα’θρα

203 1326 750 1415 καταφαγόντος,
785 1326 901 1394 καὶ
942 1324 1047 1394 ἐπ’.
1094 1325 1342 1414 ἀληθεῖ
1373 1333 1669 1417 θεμελίῳ
1703 1326 1789 1413 τῇ
1829 1325 1999 1412 πρὸς
2035 1324 2236 1392 τὸν.1(>

205 1427 400 1498 οἶκον
448 1428 701 1519 εἰσόδῳ
750 1426 967 1497 πολλοὶ
1015 1429 1156 1497 τῶν
1209 1433 1486 1508 ψευδῶν
1523 1425 2157 1513 ἐποικοδομήσομεν.

203 1532 322 1599 καὶ
357 1530 435 1599 τὸ
472 1529 687 1617 μηδὲν
719 1536 901 1600 ἔσται
929 1528 1046 1616 ὅγε
1072 1524 1172 1609 εἷς
1209 1530 1381 1619 πρὸς
1408 1530 1570 1608 τούς
1608 1528 1763 1615 δυό,
1800 1530 1916 1597 καὶ
1943 1531 2161 1596 ταῦτα

203 1631 363 1720 μηδ’
392 1629 566 1705 ἄνευ
613 1633 905 1718 ἐλέγχων
933 1634 1165 1719 διᾶραί
1196 1655 1356 1701 ποτε
1382 1632 1507 1720 τὴν
1525 1634 1836 1718 γλῶτταν
1865 1629 2162 1718 δύναμιν

208 1731 454 1821 ἔχωνιι.
506 1733 831 1815 δόξαντος
859 1733 943 1819 δὴ
972 1732 1221 1803 τούτου
1266 1735 1437 1822 πρὸς
1467 1731 1765 1823 τοῦργον
1787 1732 2159 1821 ἐχώρησαν,

206 1838 324 1905 καὶ
359 1837 502 1909 τῶν
532 1835 764 1905 σύκων
795 1838 1143 1914 ἐσθίοντες
1174 1842 1408 1921 ἔλεγον
1439 1835 1536 1924 ἐφ’
1575 1835 1834 1925 ἑκάστῳ
1873 1834 2005 1904 σὺν
2042 1835 2160 1920 γε’·
2188 1851 2239 1891 15

209 1945 403 2006 λωτι·
445 1940 628 2026 ,,φεῦ
670 1927 1128 2024 σοι,’δυ’στηνε
1164 1937 1513 2006 Αἴσωπεις.
1555 1935 1591 2004 ὁ
1628 1943 1872 2005 τοίνυν
1910 1934 2160 2003 δεσπό-

209 2067 327 2128 της
351 2038 754 2110 ἐπανελθών
774 2036 910 2107 ἀπὸ
933 2040 1055 2107 τοῦ
1087 2040 1411 2127 λουτροῦ,
1438 2039 1554 2107 καὶ
1583 2039 1663 2106 τὰ
1688 2042 1864 2107 σῦκα
1881 2036 2161 2125 ζητήσας

210 2143 325 2211 καὶ
361 2141 667 2221 οἰκούσας
705 2140 795 2221 ὥς
843 2150 1167 2220 Αἴσωπος
1217 2139 1393 2209 αὐτὰ
1439 2140 1885 2229 κατεδήδοκε,
1932 2138 2055 2207 τόν
2091 2165 2163 2207 τε

212 2254 543 2314 Αἴσωπον
591 2242 726 2313 σῦν
774 2241 945 2332 ὀργῇ
999 2241 1256 2312 κελεύει
1301 2247 1634 2331 κληθῆναι
1682 2244 1797 2312 καὶ
1845 2242 2165 2330 κληθέντι

352 2461 377 2508 1
421 2444 495 2522 ἦν
532 2470 625 2508 om.
663 2458 710 2507 A
816 2456 944 2569 ὦτῷ
980 2455 1177 2518 παιδὶ]
1220 2450 1377 2508 αὐτῶ
1413 2457 1491 2509 τῶ
1529 2453 1702 2508 παιδὶ
1740 2457 1785 2518 Q
1937 2459 1967 2505 2
2006 2445 2163 2506 αὖτῶ

215 2576 318 2627 Ra
357 2569 497 2627 αὐτὸ
537 2573 655 2628 ΖΚ
699 2536 859 2627 αὐταῳ
887 2575 947 2638 F,
985 2574 1027 2627 ὦ
1068 2578 1113 2627 F
1141 2579 1172 2625 2
1317 2592 1461 2640 μετα
1502 2570 1566 2627 δὲ
1605 2564 1756 2625 ου’τω
1790 2574 1841 2624 Κ
1977 2589 2164 2639 παρα·-

217 2641 403 2722 θῆναι
440 2645 487 2693 Β
513 2645 556 2694 E
584 2643 639 2693 H
682 2644 1083 2709 παρασθεῖναι
1119 2645 1162 2694 P
1315 2641 1539 2721 συμβᾶν
1577 2644 1639 2705 Ε,
1674 2642 1729 2691 H
1764 2658 1836 2692 eoe
1870 2657 2007 2692 corr.

216 2715 246 2763 3
281 2695 507 2768 ἒσώπου
543 2712 590 2761 Ε
627 2720 679 2761 et
714 2713 790 2762 sic
824 2728 984 2776 saepe
1123 2702 1354 2775 καταδή
1391 2713 1437 2761 Ε
1463 2711 1517 2760 Η
1542 2709 1587 2758 F
1724 2712 1757 2759 4
1792 2702 1823 2760 6
1861 2726 1955 2763 om.
1990 2709 2035 2757 P

22 2745 23 2798 ¹
215 2781 246 2830 ὅ
266 2771 461 2860 ,βουλὴ
470 2798 500 2830 ν
538 2796 633 2833 om.
674 2779 721 2829 Φ
861 2776 978 2829 τινὶ
1024 2787 1143 2829 ante
1180 2778 1294 2829 τῶν
1331 2776 1494 2830 συνδ.
1536 2780 1771 2827 conlocat
1808 2778 1854 2828 Φ
1994 2780 2026 2828 6
2065 2791 2161 2827 συ·-

22 2829 33 2960 ζ
216 2847 331 2920 κῶν
365 2847 417 2897 D
453 2849 474 2896 1
512 2863 653 2898 corr.
691 2847 742 2896 D
768 2849 798 2895 2
948 2849 977 2897 7
1026 2838 1258 2912 ζητήσῃ]
1300 2839 1505 2923 αἰτήση
1546 2845 1593 2895 Φ
1637 2842 1866 2910 ζητήσει
1902 2844 1948 2893 Ε
1974 2845 2029 2894 Η

158 2951 169 2958 -
216 2930 276 2980 ’γε
313 2932 407 2967 om.
445 2914 483 2966 J
506 2914 552 2963 F
576 2914 615 2963 Z
639 2916 693 2965 K
717 2931 750 2963 v
890 2915 921 2963 8
969 2906 1604 2990 καταμαρτυρήσωμεν
1608 2914 1651 2962 F
1677 2913 1748 2975 P;
1796 2914 1850 2962 in
1883 2914 1930 2962 A
1967 2930 2003 2963 υ
2040 2919 2089 2962 et
2127 2929 2162 2976 η

218 2999 285 3033 eoe
309 2999 447 3035 corr.
475 2982 578 3032 A2
685 2986 715 3033 9
741 2979 842 3032 καὶ
866 2975 967 3032 023.-
988 2998 1109 3048 τυχ.
1137 2997 1229 3031 om.
1256 2981 1356 3030 Zv
1462 2954 1748 3047 τυχόντες
1759 2981 1815 3032 Ρ
1924 2983 1988 3031 10
2024 2973 2164 3031 ἔπα-

219 3050 397 3115 ληθεῑ
426 3051 476 3100 R
500 3049 547 3102 Ε
572 3049 645 3112 Η,
679 3049 726 3104 Ζ
759 3049 877 3113 (sed
910 3049 1092 3113 corr-q)
1128 3040 1303 3100 ἐπαλ’
1342 3041 1520 3101 ἔνθει
1552 3052 1633 3098 uec
1668 3041 1839 3113 ἐγθει
1872 3050 1915 3099 Ρ
2057 3049 2164 3098 θε-

217 3116 417 3183 μελιω]
465 3116 759 3196 τεκμηρίῳ
782 3117 831 3167 Α
970 3120 1030 3168 11
1071 3086 1569 3194 ἑπικοδομήσομεν
1605 3117 1651 3166 Ε
1683 3117 1739 3166 H
1786 3106 2164 3180 ἐποικοδομή-

219 3199 403 3252 σωμεν
440 3185 487 3248 Q
602 3188 660 3235 12
699 3178 801 3237 τὸν
836 3184 871 3234 b
910 3187 1058 3237 1530.
1100 3176 1261 3236 uste?
1379 3187 1441 3235 13
1479 3176 1557 3248 μὴ
1599 3174 1653 3234 δ’
1691 3184 1750 3232 Μ
1774 3182 1821 3233 Α
1847 3186 1891 3233 Ε
1917 3184 1969 3232 H
1994 3183 2033 3233 J
2056 3185 2100 3232 F
2128 3199 2163 3232 v

316 3250 514 3319 μηδαν
553 3246 891 3319 εὐελὲγχων,
941 3245 1076 3318 διὰρ
1114 3250 1319 3304 αἴποτε
1356 3253 1426 3301 Ρ·
1475 3257 1746 3303 monstrum
1780 3253 2072 3318 scripturae
2109 3256 2165 3299 ut

220 3323 282 3371 είι
319 3327 608 3371 ceterorum
639 3324 1119 3401 praetermissorum
1154 3322 1381 3385 exempli
1413 3322 1526 3370 loco
1562 3321 1715 3370 semel
1750 3321 1990 3382 ascripsi.

30 3381 31 3462 ξ
221 3390 283 3439 14
300 3381 423 3466 δὴ]
465 3383 531 3440 δὲ
569 3388 620 3439 Κ
740 3382 972 3453 τούτου]
1008 3380 1213 3440 τούτον
1252 3388 1298 3437 Ρ
1425 3402 1668 3453 τουργον
1702 3387 1761 3436 Μ
1784 3386 1830 3447 Q
1855 3385 1905 3434 D
1932 3388 1978 3435 A
2002 3400 2039 3433 v

30 3471 31 3500 1
223 3447 503 3523 ἐχάρησαν
539 3456 589 3506 Β
730 3458 793 3507 15
837 3455 1024 3507 συκῶν
1058 3457 1108 3506 Β
1249 3457 1311 3506 16
1365 3450 1547 3507 ἕσωπε
1582 3455 1628 3503 Ε
1771 3456 1834 3504 18
1871 3470 1945 3511 ως
1980 3469 2072 3503 om.
2114 3452 2162 3504 Φ

318 3525 580 3607 αζσωπον
599 3550 660 3562 -·-
684 3519 1149 3589 κατεδηδοκέναι
1176 3522 1224 3573 Φ
1259 3517 1654 3601 κατεδήδοκεν
1679 3523 1734 3571 Μ
1760 3523 1809 3572 Β
1913 3518 1997 3585 τε]
2031 3512 2096 3571 δὲ
2121 3520 2163 3570 Ζ

317 3586 418 3645 τόν
442 3608 505 3645 τε
533 3591 793 3643 αἶ’σωπον
818 3608 910 3642 om.
942 3592 990 3643 Φ
1099 3593 1160 3642 19
1186 3604 1238 3644 σ.
1262 3607 1310 3642 ο.
1336 3588 1635 3657 κληθῆναι
1660 3579 1841 3641 αὐτὸν
1863 3581 2088 3641 κελεύει
2114 3588 2163 3639 Φ

31 3875 107 4045 t„
