2563 4087
994 269 1146 321 V111.
1182 287 1234 320 u.
1969 270 2091 335 115

140 417 389 497 ἐποίει,
432 408 495 500 [ὁ
533 411 856 499 ἐργαστὴς
897 408 1175 497 ἐκεῖνος]
1216 412 1527 490 ἐξετάσας
1565 410 1939 502 (γίνεσθαι)
1978 411 2087 482 διά

136 517 254 601 τῆς
311 512 698 600 ἀλώπεκος,
753 510 972 592 εὐθὺς
1025 510 1171 580 κατ’
1228 511 1441 599 αὐτῆς
1495 519 1755 600 παγίδα
1811 513 2099 603 στερεὰν,

140 622 399 703 ἔστησε.
465 617 583 683 καὶ
631 613 671 702 ἡ
707 613 983 702 ἀλώπηξ
1032 613 1200 682 κατά
1246 612 1372 700 τὴν
1423 616 1795 702 συνήθειαν
1829 624 2087 703 βουλη-

135 729 343 787 θεῖσα
382 725 720 787 εἰσελθεῖν
756 713 866 785 διά
904 718 1023 801 τῆς
1058 721 1388 802 θυρίδος,
1443 718 1782 807 ἐκρατήθη
1832 725 1928 796 είς
1964 716 2087 804 τὴν

138 823 420 904 παγίδα.
479 815 738 906 πονηρά
777 817 854 886 δὲ
891 808 1064 885 οὖσα
1098 816 1443 905 ἦάλώπηξ
1480 810 1595 887 καὶ
1634 819 2083 907 πολύτροπος,
2111 846 2137 886 5

140 921 248 988 διά
284 948 470 999 τινος
508 918 830 1006 εὐτέχνου
884 923 1184 1007 μηχανῆς
1238 918 1363 1004 τὴν
1399 921 1830 1008 κρατήσασαν
1867 919 2086 1008 αὐτὴν

142 1027 408 1108 παγίδα
440 1023 723 1108 διέφυγε
772 1023 886 1089 καὶ
938 1021 1317 1110 περιεπάτει
1361 1022 1595 1114 κύκλῳ
1649 1026 1915 1108 ἐκείνην
1962 1022 2087 1109 τὴν

142 1124 341 1192 πόλιν
377 1126 504 1191 τοῦ
544 1121 773 1211 εὑρεῖν
813 1121 1027 1209 ἀλλην
1072 1123 1221 1191 τινὰ
1259 1129 1551 1210 θυρίδα,
1591 1120 1772 1202 ὅπως
1810 1127 2081 1211 δυνηθῇ

148 1227 444 1305 ἐξελθεῖν
498 1227 616 1311 τῆς
680 1223 957 1304 πόλεως.
1043 1217 1134 1302 ὥς
1186 1223 1261 1292 δὲ
1317 1223 1409 1292 δι’
1460 1222 1619 1312 ὅλης
1667 1229 1786 1309 τῆς
1833 1222 2127 1303 νυκτὸς,

145 1329 640 1415 περιπατοῦσα,
693 1324 821 1412 οὐχ
885 1315 1043 1414 εὗρε
1101 1325 1315 1393 τόπον
1368 1329 1490 1394 τοῦ
1549 1329 1864 1413 ἐκβῆναι,
1938 1328 2081 1394 ἐπεὶ
2109 1354 2158 1392 10

111 1428 371 1520 ’κύκλῳ
409 1429 854 1515 τετειχισμένη
890 1425 931 1513 ἡ
961 1426 1152 1506 πόλις
1187 1419 1296 1513 ἦν,
1334 1429 1447 1495 καὶ
1475 1431 1592 1513 τῆς
1620 1425 1871 1516 ἡμέρας
1902 1430 2079 1513 ἐγγι-

143 1531 416 1617 ζούσης,
458 1535 685 1615 ἔλεγεν
725 1532 799 1598 ἐν
838 1530 1080 1616 ἑαυτῇ·
1121 1530 1290 1615 ,,ἐάν
1324 1527 1539 1617 ἡμέρα
1568 1532 1860 1617 γένηται,
1900 1529 2078 1597 πάν-
2097 1557 2279 1605 p.14413.

148 1659 320 1716 ,,τως
380 1628 522 1699 ὑπὸ
600 1634 739 1699 τῶν
800 1630 1075 1699 σκύλων
1150 1631 1695 1718 κρατηθησομαι,
1767 1632 1882 1699 καὶ
1956 1630 2083 1699 ούκ

149 1734 481 1819 ,,ἐάσουσί
511 1760 593 1820 με
628 1732 998 1822 πρότερον,
1052 1739 1115 1801 εί
1146 1731 1236 1819 μὴ
1273 1734 1391 1811 τὰς
1429 1734 1683 1821 σάρκας
1718 1760 1850 1820 μου
1889 1738 2082 1822 διαρ-

150 1835 530 1923 ,,ρήξουσιν.
599 1833 748 1902 ἀλλ’
805 1832 936 1919 ἐγώ
987 1834 1295 1919 γινώσκω
1343 1842 1415 1903 τί
1448 1862 1528 1922 με
1578 1839 1687 1903 δεῖ
1734 1834 2078 1920 ποιῆσαι.“
2108 1861 2157 1901 15

147 1938 254 2004 καὶ
313 1936 400 2024 δὴ
445 1936 801 2024 πορεύεται
856 1936 965 2003 ἐπὶ
1021 1936 1145 2020 τὴν
1200 1937 1426 2023 πύλην
1478 1935 1913 2031 τῆςὶπόλεως
1967 1937 2081 2003 καὶ

152 2038 390 2125 ἑαυτὴν
455 2047 743 2126 πλησίον
806 2063 940 2106 που
1003 2039 1121 2123 τῆς
1175 2042 1378 2124 φλιᾶς
1445 2034 1588 2126 [τοῦ
1654 2035 2074 2125 κατωφλίου]

148 2141 550 2226 κατέκλινεν,
592 2141 1137 2229 προσποιουμένη
1174 2136 1426 2229 νεκράν
1452 2141 1567 2207 καὶ
1605 2138 1875 2208 ἄπνουν
1917 2141 2080 2208 ἑαυ-

148 2241 265 2327 τὴν
299 2240 490 2310 εἶναι.
563 2238 742 2310 οὕτω
789 2240 865 2310 δὲ
916 2239 1127 2328 αὐτῆς
1174 2244 1481 2328 κειμένης
1536 2239 1626 2321 ώς
1673 2244 1916 2326 νεκρᾶς
1964 2243 2080 2309 καὶ

149 2346 257 2428 τῆς
291 2344 511 2431 πύλης
545 2341 621 2410 τὸ
661 2348 842 2431 πρωῒ
890 2340 1320 2430 ἀνοιχθείσης
1370 2341 1462 2422 ώς
1515 2351 1673 2423 ἔθος
1722 2344 1904 2433 παρὰ
1954 2347 2076 2411 τοῦ
2105 2367 2156 2406 20

152 2453 550 2533 πορταρίου,
589 2443 732 2513 εἶδέ
774 2471 872 2524 τις
910 2443 1128 2530 αὐτὴν
1177 2447 1488 2533 κειμένην
1534 2447 1648 2513 καὶ
1696 2447 1872 2530 λέγει
1909 2442 2078 2532 πρὸς

152 2655 276 2701 μασι
310 2632 714 2707 σπαράγματα,
756 2634 941 2701 εὖθύς
979 2635 1128 2707 αὐτῇ
1164 2640 1390 2706 παγίδα
1425 2635 1807 2707 ἰσχυροτάτην
1837 2638 2078 2705 ἵστησιν.

153 2707 218 2757 Μ.
250 2712 414 2776 itaque
449 2713 605 2774 plura
641 2725 741 2759 non
776 2710 1012 2760 uidentur
1036 2713 1219 2760 omissa
1256 2726 1384 2760 esse.
1422 2709 1697 2776 γίνεσθαι
1722 2710 1892 2759 adieci
1914 2715 1966 2757 et
1992 2724 2072 2759 uu.

153 2765 180 2825 ὁ
215 2768 481 2844 ἔργαστὴς
519 2768 739 2836 ἐκεῖνος
773 2780 985 2839 seclusi,
1025 2793 1124 2827 non
1162 2780 1280 2842 quin
1318 2780 1493 2828 eadem
1539 2777 1723 2839 uerba,
1768 2778 2077 2840 praesertim

47 2881 50 2896 ,,
152 2842 357 2895 subiecta
402 2847 800 2908 enuntiatorum,
848 2845 911 2894 ab
948 2845 1042 2896 hoc
1078 2847 1335 2909 scriptore
1379 2846 1561 2896 erebro
1605 2851 1933 2908 repetantuv·,
1983 2847 2079 2895 sed

49 2945 52 2974 2
155 2914 260 2974 quia
290 2915 610 2964 interuallum
644 2914 787 2962 nimis
821 2929 1035 2974 paruum
1070 2915 1274 2963 uidetur
1445 2918 1477 2964 3
1522 2905 1587 2963 τὸ
1626 2903 1773 2979 αὐτῇ
1821 2905 2076 2977 σύνηθες

49 2983 52 3028 ῖ
153 2978 204 3027 Μ
235 2980 296 3042 cf.
328 2983 410 3044 45,
451 2983 513 3031 13
669 2982 702 3029 4
736 2973 915 3031 πάλιν
950 2981 1148 3029 addunt
1182 2979 1293 3030 MD
1452 2984 1512 3030 11
1550 2979 1656 3031 καί
1685 2982 1942 3043 coniungit
1976 2983 2075 3031 duo

49 3087 50 3096 ,
154 3049 392 3098 enuntiata
435 3041 511 3107 ὥς
551 3086 599 3101 ..
638 3036 743 3113 οὐχ
791 3034 921 3112 εὗρε
968 3055 1019 3097 et
1063 3045 1164 3111 τῆς
1206 3041 1429 3113 ἡμέρας
1477 3040 1829 3114 ἕγγιζούσης,
1877 3056 1931 3096 ut
1977 3064 2076 3098 non

51 3133 54 3176 ς
155 3121 278 3164 recte
311 3124 426 3167 ante
462 3124 515 3166 et
547 3113 811 3196 ροειηκαὶ
846 3117 1148 3165 distinaeerit
1179 3115 1556 3180 Boissonade3
1594 3119 1647 3166 in
1680 3116 1737 3164 M
1771 3123 1849 3166 est
1881 3112 1982 3166 καὶ
2020 3157 2032 3170 .
2060 3152 2072 3165 .

51 3189 54 3212 *
155 3179 461 3235 κοπιάσασα
498 3177 636 3235 ουδ’
672 3183 816 3242 ολως
855 3221 867 3234 .
893 3220 905 3232 .
949 3180 1163 3248 ἴσχυσε,
1201 3182 1305 3248 τῆς
1353 3179 1418 3233 δέ
1454 3199 1518 3248 γε
1563 3175 1782 3249 ἡμέρας
1829 3181 2074 3246 διαυγα-

158 3239 403 3314 δούσης..
450 3254 547 3302 sed
579 3252 741 3301 malim
776 3267 875 3315 pro
910 3267 963 3314 p.
999 3247 1100 3300 καὶ
1136 3253 1323 3314 reponi
1357 3241 1473 3316 ἤδη
1659 3243 1988 3317 ἐγκιζούσης
2025 3251 2073 3300 V

277 3320 335 3368 12
367 3311 600 3371 πάντων
636 3321 685 3370 V
895 3320 955 3368 17
994 3317 1203 3383 φλοιᾶς
1240 3316 1343 3369 τοῦ
1380 3318 1704 3382 κατοφλίου
1740 3317 1914 3367 ABV:
1952 3333 2070 3367 cor·

53 3405 56 3456 ς
157 3386 667 3463 νεωίιΙΒοίεεοιιειᾶε.
729 3402 821 3450 eqo
869 3384 972 3436 τοῦ
1010 3386 1345 3451 κατωφλίου
1378 3389 1590 3447 seclusi,
1637 3403 1751 3435 nam
1795 3383 2074 3450 significat

53 3485 58 3522 :
158 3454 459 3517 κατωφλιον
493 3455 661 3505 limen
696 3454 930 3504 inferius
965 3462 1020 3503 ιιι
1054 3444 1354 3517 ἀνώφλιον
1391 3455 1672 3520 superine,
1722 3467 1821 3503 non
1858 3456 2072 3516 portam

55 3563 58 3576 ,
159 3516 315 3580 ipsam.
349 3524 658 3587 explicando
692 3523 850 3587 igitur
887 3521 1042 3572 uerbo
1093 3520 1270 3586 φλιᾶς
1307 3524 1622 3586 adscriptum
1654 3527 1798 3585 puto·
1834 3537 1884 3572 u.
1909 3520 1959 3568 D

55 3585 58 3630 3
160 3584 218 3632 21
240 3589 557 3657 πορταρίου]
587 3592 758 3641 statim
781 3580 1087 3655 πορτάρης,
1120 3605 1219 3654 qua
1240 3589 1413 3651 forma
1435 3589 1673 3640 hodierni
1699 3589 1887 3637 Graeci
1908 3587 2073 3637 adhuc

1590 3672 1661 3721 8*
