2563 4087
1084 260 1327 325 Aesopus
1364 260 1391 310 1
1793 314 1796 319 ⁴
2080 216 2205 324 2÷7

278 416 527 506 εὕρετε·
583 427 659 504 θ,
706 417 1087 505 θησαυρόν·
1157 444 1222 504 χ,
1271 417 1635 505 χρυσίου.“
1708 419 1824 487 καὶ
1873 416 1909 486 6
1947 419 2219 500 Ξάνθος

270 517 581 608 ,,δεῦρο“
621 522 834 607 φησίν
875 525 1022 606 ,,είς
1056 516 1182 605 τὴν
1219 520 1496 607 οἰκίαν,
1524 516 1616 599 ὥς
1653 515 1739 587 ἂν
1774 521 1889 588 καὶ
1924 520 2045 589 τὸν
2078 532 2208 610 θη·-
2250 539 2416 591 megb-

269 619 534 710 σαυρόν
581 619 984 708 διελώμεθα,
1034 622 1150 688 καὶ
1187 617 1273 695 σύ
1325 619 1449 709 τὴν
1506 624 1906 709 ἐλευθερίαν
1956 621 2220 705 ἀπολά-

267 719 470 811 βῃςίί.
545 719 897 790 ἐλθόντων
935 710 1089 809 οὖν,
1127 719 1163 788 ὁ
1202 722 1477 803 Ξάνθος
1512 722 1942 811 φοβούμενος
1979 724 2056 792 τὸ
2095 726 2220 794 τοῦ

271 821 609 894 Αἰσώπου
640 823 880 910 λα’λον,
919 829 1017 902 εἰς
1045 823 1322 912 εἱρκτὴν
1348 822 1566 893 αὐτὸν
1595 824 1945 895 ἐκέλευσεν
1974 828 2221 914 ε’μβλη-
2248 855 2275 896 5

269 930 500 1012 θῆναι.
559 925 674 994 καὶ
702 923 738 992 ὁ
769 934 1091 1004 Αἴσωπος
1118 922 1551 1013 ἀπαγόμενος
1582 925 1980 1012 ,,τοιαῦται“
2011 936 2223 1016 φησίν

270 1026 496 1116 »εἰσὶν
562 1029 642 1094 αἱ
681 1025 1079 1112 ὑποσχέσεις
1128 1028 1267 1095 τῶν
1314 1025 1745 1115 φιλοσόφων;
1794 1025 1920 1116 οὐχ
1956 1025 2057 1097 ὅτι
2091 1028 2224 1117 γὰρ

271 1126 398 1196 οὐκ
446 1117 928 1216 ιῖπολαμβοῖνω
961 1154 1095 1215 μου
1131 1125 1254 1214 τήν
1292 1132 1714 1219 ἐλευθερίαν,
1765 1125 1938 1198 ἀλλὰ
1974 1131 2090 1198 καὶ
2127 1137 2227 1211 εἰς

271 1234 438 1317 ὃεσμ
460 1228 749 1317 ωτήριον
775 1228 1067 1308 κελεύεις
1091 1233 1442 1318 βληθῆναί
1462 1228 1614 1318 με.“
1668 1228 1704 1298 ὁ
1732 1229 1858 1318 μὲν
1886 1220 2014 1299 οὖν
2038 1231 2225 1310 Ξάν-

279 1342 406 1410 θος
466 1332 825 1400 ἐκέλευσεν
872 1328 1089 1400 αὐτὸν
1135 1329 1591 1420 ἀπολυθῆναι,
1637 1333 1751 1400 καὶ
1801 1330 1971 1420 πρὸς
2007 1330 2224 1401 αὐτὸν
2252 1364 2301 1403 10

283 1439 410 1520 ἔφη
433 1444 451 1462 ⁰
490 1431 728 1519 ,,πα’νυ
756 1434 983 1513 καλῶς
1009 1429 1169 1520 φής,
1207 1431 1292 1501 ἵν’
1337 1436 1730 1521 ἐλευθερίας
1754 1432 2011 1522 τυχών,
2048 1452 2225 1521 σφο-

284 1532 606 1621 δρότερός
633 1559 766 1620 μου
794 1535 962 1622 γένῃ
992 1534 1433 1622 κατήγοροςζί.
1485 1533 1521 1602 ὁ
1553 1534 1631 1604 δὲ
1660 1544 1973 1616 Αἴσωπος
2000 1533 2221 1604 εἶπεν·

287 1631 436 1759 ,,ὅτι
485 1637 654 1704 ποτέ
681 1662 764 1723 με
798 1635 1010 1704 κακὸν
1050 1642 1216 1723 ἔχεις
1244 1651 1487 1724 ποιεῖν,
1538 1645 1729 1706 ποίει.
1805 1637 2075 1717 πάντως
2111 1637 2225 1705 καὶ

285 1734 471 1804 ἄκων
510 1737 992 1825 ἐλευθερώσεις
1027 1736 1177 1825 με.“

416 1837 609 1907 Κατα
661 1837 738 1907 δὲ
771 1837 936 1919 τούς
971 1837 1250 1927 καιρούς
1286 1839 1574 1919 τούτους
1621 1841 1958 1909 συνέπεσέ
1977 1867 2050 1914 τι
2082 1867 2222 1911 τοι-
2249 1869 2299 1910 15

277 1941 488 2007 οὗτον
529 1942 603 2008 ἐν
640 1939 874 2032 Σαμςο.
941 1938 1303 2027 πανδήμου
1345 1942 1575 2028 εορτῆς
1602 1939 1937 2028 αγομένης
1973 1951 2223 2029 αἴφνης
2257 1921 2390 1972 XXI

278 2039 474 2122 ἀετὸς
510 2040 855 2122 καταπτὰς
907 2043 1022 2110 καὶ
1076 2041 1198 2110 τὸν
1249 2041 1576 2130 δημόσιον
1618 2039 1929 2132 ἁρπάσας
1965 2042 2225 2111 δακτύ-

277 2150 447 2229 λιον,
497 2150 596 2224 είς
646 2144 903 2213 δούλου
950 2143 1210 2212 κόλπον
1259 2141 1541 2230 ἀφῆκεν.
1617 2148 1689 2211 oc
1731 2142 1858 2231 μὲν
1906 2133 2035 2212 οὖν
2072 2144 2225 2213 Σά-

272 2270 412 2332 μιοι
469 2245 883 2333 θροηθέντες
931 2246 1047 2313 καὶ
1106 2251 1206 2324 εἰς
1269 2252 1590 2334 πλείστην
1640 2247 1795 2335 περὶ
1844 2249 2050 2315 τοῦδε
2095 2251 2223 2315 τοῦ

278 2351 561 2433 σημείου
591 2345 911 2426 πεσόντες
945 2345 1070 2433 τὴν
1107 2343 1443 2435 ἀγωνίαν,
1478 2347 1648 2415 κατὰ
1684 2345 1943 2415 ταύτὸν
1979 2345 2221 2436 ἄθροι-
2248 2377 2300 2417 20

279 2448 586 2535 σθέντες,
635 2444 933 2537 ἤρξαντο
969 2451 1241 2518 δεῖσθαι
1271 2450 1399 2517 τοῦ
1436 2448 1744 2534 Ξάνθου,
1793 2445 1911 2517 ἅτε
1946 2448 2222 2536 πρώτου

353 2703 367 2721 ι
414 2647 438 2695 1
479 2643 527 2694 θ
562 2661 656 2695 om.
691 2645 744 2695 Κ
880 2647 912 2695 2
958 2635 1117 2696 ὦσαν
1152 2644 1278 2695 ΗΕ
1419 2641 1521 2696 καὶ
1567 2637 1693 2710 τὸν]
1743 2636 1845 2696 τὸν
1878 2644 1927 2694 A
2063 2646 2097 2694 4
2133 2637 2222 2697 ἔλ·

273 2710 521 2763 θωντων
557 2711 598 2760 Ζ
701 2712 804 2781 ᾳαὶ
842 2706 872 2764 6
915 2711 960 2777 ξ.
1000 2712 1064 2775 Α,
1109 2714 1208 2763 sed
1240 2707 1340 2763 καὶ
1370 2714 1578 2777 punctis
1614 2715 1831 2763 deletum
1935 2708 2069 2778 φοβ.
2118 2711 2222 2764 τοῦ

274 2773 389 2830 αἰσ.
431 2774 495 2830 τὸ
534 2781 581 2832 λ.
624 2780 670 2844 Q
795 2782 826 2831 5
865 2749 1097 2846 εἱρκτὴν
1133 2777 1183 2831 V
1206 2782 1268 2843 P,
1286 2782 1346 2858 “Q
1376 2778 1470 2843 (ex
1504 2796 1644 2831 corr.
1647 2776 1763 2847 ),Ζ
1883 2781 1916 2830 6
1952 2776 2221 2832 τοιαῦται

274 2847 320 2909 Q
367 2861 437 2898 m.
473 2863 555 2913 pr.
598 2848 728 2910 feeit
772 2864 844 2898 ex
889 2847 1152 2929 τοιαῦτα,
1198 2846 1385 2899 ταῦτα
1432 2845 1630 2915 φησὶν·
1684 2834 1866 2899 αὗταί
1910 2863 1954 2901 ε.
2003 2847 2051 2899 Φ

273 2917 305 2967 7
343 2908 495 2965 εἰσὶν
530 2931 625 2966 om.
667 2917 713 2978 Q
889 2908 1019 2981 οὐχ’
1058 2914 1103 2978 Q
1132 2917 1178 2966 Ε
1204 2917 1259 2965 Η
1309 2931 1416 2966 ουκ
1453 2919 1506 2966 in
1540 2932 1699 2982 mary.
1735 2920 1906 2997 suppl.
1943 2915 1994 2964 D
2019 2918 2052 2967 3

273 2982 626 3048 8μουίνιΑ
670 2985 791 3034 add.
840 2999 909 3033 111.
945 2999 1046 3062 Ρη,
1089 3000 1182 3034 om.
1223 2983 1262 3032 Z
1402 2985 1541 3050 9με
1577 3002 1647 3035 ex
1682 2978 1761 3050 μὴ
1795 2983 2221 3062 secitAmUpr

272 3065 377 3128 με;
411 3048 532 3112 VQ
643 3053 707 3101 10
742 3048 843 3102 καὶ
886 3044 1030 3116 πρὸς
1066 3040 1245 3102 αὖτόν
1284 3044 1395 3114 ἔφη
1433 3067 1526 3103 om.
1567 3052 1616 3103 Φ
1733 3055 1791 3101 11
1834 3042 1977 3118 φής]
2018 3048 2137 3133 φῆς
2172 3051 2223 3101 V

270 3134 357 3234 {51⁷²
354 3134 401 3247 ὅ
425 3116 481 3234 ¹13
504 3186 558 3236 H
581 3115 703 3234 Κῖἴ
729 3118 784 3238 ἔ
799 3186 860 3238 τί
891 3069 1032 3238 „22²5
1060 3109 1138 3251 ‘242
1157 3118 1223 3235 ᾖ
1350 3106 2221 3269 ‚3232522535133325‘523512

270 3253 316 3304 Ρ
341 3248 506 3333 ἔχειὲ
541 3246 725 3304 κακὸν
763 3254 814 3303 Κ
837 3270 891 3321 v,
931 3254 972 3303 Z
1021 3254 1137 3318 (sed
1172 3261 1297 3319 post
1375 3268 1400 3304 ε
1446 3255 1541 3304 hoc
1575 3262 1654 3305 est
1685 3256 1880 3319 signum
1918 3251 1959 3318 i)
2099 3261 2221 3303 ante

272 3314 502 3380 πάντως
537 3322 714 3372 littera
748 3337 903 3373 erasa
937 3324 990 3372 in
1027 3321 1072 3384 Q
1246 3269 1727 3401 4ἐλευθερῶσης
1746 3321 1797 3372 V
1937 3322 2000 3370 17
2039 3312 2219 3385 δημό-

273 3401 374 3439 σον
410 3388 459 3439 Α
497 3381 766 3454 δημόσιον
802 3390 847 3439 Ρ
1006 3390 1070 3440 18
1104 3380 1337 3440 κόλπων
1376 3388 1421 3450 Q
1448 3389 1492 3438 P
1658 3374 1764 3441 οὖν
1787 3390 1925 3438 intra
1948 3402 2128 3437 uersus
2160 3387 2221 3436 M

274 3457 320 3519 Q
357 3472 424 3507 m.
449 3471 530 3521 pr.
689 3460 752 3508 19
787 3454 1230 3524 θορηβηθὲντες
1265 3472 1301 3506 a
1334 3449 1777 3534 θορυβηθέντες
1811 3455 1851 3504 Ζ
1875 3454 1911 3504 b
2056 3453 2219 3505 πλεί-

274 3538 420 3590 στην
454 3540 594 3575 corr.
631 3541 702 3575 ex
735 3526 1004 3576 πλειστον
1043 3527 1092 3577 R
1126 3541 1195 3578 m.
1219 3540 1301 3591 pr.
1337 3517 1599 3591 πλήστην
1633 3525 1688 3573 H
1848 3516 2045 3587 τοῦδε]
2087 3536 2218 3572 του-

279 3608 381 3643 του
416 3592 467 3641 R
571 3595 637 3643 20
673 3608 823 3644 κατα
847 3584 1064 3668 ταυτὸν
1110 3592 1232 3643 libri
1248 3600 1466 3657 praeter
1502 3593 1547 3654 Q
1574 3592 1630 3641 H
1654 3592 1700 3641 Ε
1744 3592 1832 3658 qui
1853 3583 2219 3642 καταταυτὸν
