2563 4087
1176 247 1327 300 vm.
1888 262 1919 299 ·.
2095 245 2215 309 125

253 383 795 470 κατελάμπρυνε
827 389 1090 453 τοῦτον.
1183 383 1327 453 εἶτα
1364 383 1491 454 ὅσα
1530 392 1759 475 ἔμελλε
1792 389 1914 454 τοῦ
1954 386 2217 467 διδάξαι

255 512 385 571 με,
441 484 801 573 ἱστόρησεν
847 481 1023 554 αὐτὰ
1076 490 1150 555 ἐν
1197 495 1342 566 τοῖς
1391 495 1639 573 τοίχοις
1685 491 1806 556 τοῦ
1857 498 2052 557 οἴκου
2101 491 2214 556 καὶ

258 589 500 655 πᾶσαν
527 585 654 673 τὴν
687 591 993 676 ἱστορίαν
1023 587 1298 677 ἔχω’ρισε
1335 588 1443 657 διὰ
1471 590 1885 678 γραμμάτων
1910 590 2023 657 καὶ
2053 590 2215 676 μετὰ

259 682 622 776 ἀκριβείας
659 684 927 757 ἅπαντα
975 690 1386 772 συνετάξατο
1435 693 1550 758 καὶ
1585 692 1707 759 τὸν
1754 690 1945 778 ἥλιον
1990 691 2215 759 δὲκαὶ

258 787 398 874 τὴν
448 788 738 876 σελήνην
788 792 902 858 καὶ
956 791 1117 871 τούς
1176 787 1463 879 ἀστέρας
1519 795 1660 861 ἐκεῖ
1722 792 2209 880 ἐζωγράφησεν.
2240 820 2266 859 5

264 898 533 979 ἔγραψε
569 889 646 959 δὲ
681 893 796 959 καὶ
831 892 912 960 τὰ
952 895 1115 961 δέκα
1150 893 1482 980 κεφάλαια
1517 895 1634 980 τῆς
1662 900 1917 981 σοφίας,
1944 895 2058 962 καὶ
2095 896 2212 979 τῆς

261 991 591 1078 γνώσεως
627 993 741 1060 καὶ
773 995 891 1080 τῆς
927 999 1383 1073 διδασκαλίας.
1465 987 1561 1062 ὧν
1600 992 1738 1082 (τὸ)
1789 997 2060 1084 πρῶτον
2096 1021 2206 1063 xe-
2232 1024 2417 1071 p.155B.

264 1092 571 1181 φάλαιον
619 1094 772 1184 περὶ
815 1092 1231 1166 ἀπαιδεύτου
1291 1097 1405 1164 καὶ
1450 1093 1779 1185 ὑβριστοῦ
1832 1095 2121 1185 ἀνδρός·
2174 1095 2210 1163 ὁ

270 1195 414 1284 γὰρ
450 1198 752 1275 τοιοῦτος
801 1193 1165 1286 ἅνθρωπος
1210 1186 1421 1286 μέσον
1470 1195 1790 1283 ἀδελφῶν
1839 1199 1952 1264 καὶ
1990 1204 2212 1284 φίλων

264 1301 688 1385 φιλονεικίας
733 1300 849 1366 καὶ
897 1299 1116 1384 μάχας
1164 1302 1418 1388 ἐγείρει.
1492 1299 1568 1366 τὸ
1623 1297 1943 1382 δεύτερον
1993 1299 2207 1385 κεφά-
2239 1329 2289 1367 10

267 1407 468 1468 λαιον
503 1401 656 1487 περὶ
694 1401 1074 1486 φιλοσόφου
1125 1402 1431 1481 ἐδίδαξεν
1478 1400 1764 1488 ἀνδρός·
1816 1398 1851 1467 ὁ
1902 1398 2033 1488 γάρ
2069 1426 2214 1467 τοι-

271 1505 482 1580 οὗτος
518 1497 882 1588 ἅνθρωπος
928 1502 1229 1590 μεγάλην
1278 1500 1608 1589 ὠφέλειαν
1660 1516 1840 1570 ποιεῖ
1881 1503 1976 1592 τῷ
2028 1508 2209 1588 φίλῳ

272 1599 517 1670 αὐτοῦ.
583 1602 661 1670 τὸ
710 1609 943 1692 τρίτον
979 1603 1347 1692 κεφάλαιον
1395 1605 1548 1693 περὶ
1599 1601 2045 1690 δολιόφρονος
2083 1602 2208 1670 ἀν-

271 1702 445 1791 δρὸς
495 1704 611 1771 καὶ
665 1709 1017 1792 πονηροῦ,
1082 1706 1195 1773 καὶ
1250 1703 1351 1774 ὅτι
1403 1703 1439 1772 ὁ
1493 1711 1795 1784 τοιοῦτος
1849 1703 2212 1793 ἄνθρωπος

270 1803 606 1873 οὐδέποτε
656 1799 1027 1891 ἀγανακτεῖ
1082 1804 1205 1895 (εἰ)
1265 1807 1511 1886 δόλους
1569 1804 2038 1889 κατασκευάζει
2100 1806 2214 1873 καὶ
2242 1834 2291 1875 15

271 1921 513 1986 κακοῖς
548 1906 720 1975 κακοὶ
772 1907 1139 1998 συρράπτει
1184 1910 1353 1979 κατὰ
1400 1913 1525 1976 τοῦ
1566 1915 1895 1996 πλησίον,
1947 1910 2212 1976 ἐκείνου

272 2007 371 2097 μὴ
406 2006 876 2094 γινώσκοντος
929 2011 1005 2079 τὸ
1040 2012 1361 2100 τέταρτον
1394 2010 1762 2097 κεφάλαιον
1793 1999 1879 2094 ἦν
1906 2006 2124 2097 περὶ’
2086 2034 2214 2075 αν-

272 2110 566 2200 θρώπου
605 2109 1043 2194 ὀνειδίζοντος
1080 2110 1401 2201 ἀπρεπῶς
1440 2113 1643 2202 ἑτέρω
1681 2106 2029 2202 ἀνθρώπω
2068 2135 2212 2189 πως

273 2208 320 2298 ἢ
357 2211 491 2281 ἀπὸ
528 2211 908 2302 ἀρρωστίας
953 2241 993 2300 η
1031 2212 1165 2282 ἀπὸ
1201 2212 1563 2293 ἀσθενείας
1604 2211 2062 2300 ἐπισυμβάσης
2101 2220 2212 2280 λε·-

278 2313 453 2399 πρός
489 2316 772 2400 γέγονεν
809 2310 850 2400 ἢ
878 2314 1000 2402 ἀφ’
1035 2316 1267 2404 ετέρου
1298 2315 1733 2403 συμβάματος
1761 2314 2211 2401 ἀνθρωπίνου
2243 2343 2293 2380 20

279 2418 359 2485 έν
393 2419 486 2507 τῷ
529 2420 686 2507 ἰδίῳ
716 2416 973 2504 στόματι
1001 2419 1343 2506 περιφέρει
1369 2411 1870 2504 ἀσχημοσύνην.
1926 2414 2003 2482 τὸ
2044 2415 2217 2501 πέμ-

277 2541 478 2605 πτον,
517 2515 609 2597 ὥς
646 2516 728 2585 οὐ
767 2520 1004 2606 πρέπει
1038 2517 1186 2586 τινά
1216 2519 1456 2607 κριτὴν
1483 2514 1524 2603 ἢ
1553 2516 1843 2606 ἄρχοντα
1870 2511 1912 2603 ἢ
1936 2517 2218 2603 βασιλέα

281 2612 636 2707 ἀπόφασιν
673 2633 891 2687 ποιεῖν
930 2620 1082 2709 περὶ
1122 2618 1375 2699 παντὸς
1412 2619 1837 2707 πράγματος,
1888 2617 2055 2704 πρὶν
2089 2642 2215 2683 κα-

279 2722 416 2800 λῶς
454 2717 719 2809 ἀκούσῃ
757 2722 872 2816 καὶ
925 2719 1198 2810 ἐξετάσῃ
1248 2719 1374 2808 τὴν
1421 2724 1547 2788 τοῦ
1600 2719 1993 2807 πράγματος
2049 2715 2225 2812 ἀλήῑ

415 2953 448 3000 2
486 2950 590 3003 τοῦ
623 2954 940 3003 recentiores
973 2955 1050 3002 sic
1084 2954 1280 3002 addere
1315 2955 1481 3002 solent
1634 2953 1666 3001 3
1703 2943 1729 3001 ἔ
1733 2941 1966 3018 χωρισε]
2006 2947 2219 3000 διεστί-

278 3017 417 3096 ξατο
455 3020 511 3069 Μ
626 3022 661 3069 4
697 3010 1015 3082 ἀνετάξατο
1051 3020 1109 3069 Μ
1235 3022 1267 3070 5
1306 3009 1669 3097 ἐζωγράφησε
1705 3019 1849 3068 ABV
1974 3019 2007 3067 6
2044 3012 2215 3083 δέκα]

278 3077 358 3152 ι’β
392 3088 437 3137 Β
609 3089 659 3137 6.
691 3089 721 3137 7
759 3085 860 3152 τῆς
898 3095 977 3137 ter
1011 3104 1105 3138 om
1145 3087 1215 3146 A,
1255 3089 1285 3138 7
1322 3085 1424 3169 τῆς
1459 3094 1579 3137 ante
1616 3084 2002 3166 διδασκαλίας
2037 3085 2222 3135 habent

276 3153 466 3204 BMD·
503 3170 601 3205 om.
638 3154 736 3203 AV
857 3148 923 3205 τὸ
959 3157 1152 3217 adieci,
1186 3163 1241 3204 ut
1276 3162 1355 3205 est
1389 3157 1443 3205 in
1480 3155 1606 3205 MD.
1643 3156 1873 3218 fortasse
1908 3141 1988 3204 ὧν
2023 3139 2099 3217 ἦν
2133 3144 2216 3202 τὸ.

274 3215 616 3288 παρεισάγει
651 3224 709 3272 Μ
847 3225 911 3273 12
948 3192 1185 3287 ἐμποιεῖ
1213 3223 1271 3271 Μ
1420 3224 1484 3273 15
1520 3229 1611 3272 aut
1645 3218 1700 3274 εἰ
1733 3222 2049 3272 adiciendum
2085 3226 2215 3276 erat,

277 3292 418 3354 quod
454 3291 587 3353 feei,
635 3296 725 3341 aut
763 3292 1049 3355 participia
1091 3281 1535 3353 κατασκευάζων
1587 3297 1639 3340 et
1682 3281 2019 3368 συρράπτων
2066 3290 2218 3337 resti-

281 3359 470 3408 tuenda
678 3359 743 3409 18
795 3374 915 3417 πως
968 3359 1192 3408 ABVD:
1248 3360 1353 3408 noli
1402 3359 1673 3408 emendare
1724 3345 1816 3415 ὃςι
1869 3372 1902 3405 a
1956 3355 2220 3405 Graeculis

272 3441 376 3490 pro
422 3443 470 3477 u.
517 3418 595 3485 ὡς
639 3441 703 3476 ea
744 3428 998 3476 sententia
1042 3433 1322 3504 usurpatur
1366 3441 1467 3489 qua
1510 3426 1631 3476 boni
1668 3426 1952 3503 scriptores
1997 3437 2088 3473 οτι
2124 3423 2219 3471 ad

275 3493 478 3550 hibent:
517 3496 600 3556 14,
625 3496 693 3544 23
807 3497 875 3546 20
911 3485 1235 3571 συμβάντος
1257 3493 1306 3543 V
1424 3495 1487 3542 21
1529 3485 1701 3575 [τ’]ὀὲ
1696 3483 1770 3549 ὥς
1795 3491 1843 3540 V
1880 3483 1944 3540 τὸ
1983 3504 2079 3538 εον
2116 3482 2219 3546 εως

275 3561 325 3612 A
529 3565 599 3612 24
635 3553 855 3629 ἀκούσῃ
889 3559 990 3613 καὶ
1027 3552 1268 3628 ἐξετάσῃ
1301 3562 1515 3624 scripsi.
1551 3552 1789 3610 ακούσει
1824 3554 1924 3608 καὶ
1961 3548 2218 3619 ἐξετάσει
