2563 4087
2070 8 2099 11 *⁷
2132 8 2541 61 ”““-“Ἶῃ““““-“Ι

419 242 545 307 218
1242 249 1523 317 Excerpta

414 383 502 443 95,
542 381 603 431 18
641 375 747 432 ὃὲν
783 396 853 446 με
891 373 965 431 τὸ
993 379 1048 430 ὃ.
1083 378 1091 443 Ι
1122 382 1206 442 95,
1245 382 1312 429 20
1351 376 1450 429 καὶ
1498 371 1713 435 ἐκείνοι
1750 375 1969 444 ἕκαμαν
1995 371 2186 445 νόημα
2223 377 2356 443 (scr.

417 464 624 531 νεῦμα)
661 463 765 530 τῆς
801 464 1008 530 γραίας
1050 463 1389 528 νομίζοντας
1425 455 1517 515 ὅτι
1553 479 1618 514 το
1642 460 1817 529 κτένη
1845 455 2011 529 ζητοὶ·
2050 461 2151 514 καὶ
2178 458 2360 515 εἶπαν

418 545 519 607 δός
555 566 618 601 το
654 538 698 600 ὦ
735 566 785 614 γ.
838 550 846 612 Ι
894 550 978 611 96,
1014 552 1043 598 2
1082 543 1259 600 ἔδωκέ
1296 562 1400 598 του
1437 559 1529 599 το·
1583 545 1684 598 καὶ
1737 541 1943 613 ἐπειδή
1995 544 2060 600 τὸ
2114 541 2355 613 ἐπῆρεν,

417 631 598 699 ἔφυγε
632 630 733 684 καὶ
771 627 874 684 δέν
910 626 1101 699 ὑπῆγε
1141 629 1224 691 εἰς
1261 626 1401 692 τούς
1439 624 1800 696 συντρόφους
1841 647 1960 683 του.
2012 621 2164 698 ὅμως
2203 625 2361 685 ἐκεί-

415 734 508 768 νοι
543 708 967 782 ἐκαρτερούσαν
1000 709 1074 767 να
1112 713 1311 781 ὑπαγή
1330 755 1343 779 ,
1380 714 1481 768 καὶ
1506 709 1728 775 ἐκείνος
1752 711 1857 768 ὀὲν
1881 709 2078 782 έΰιεύη
2102 709 2357 784 &mem

414 797 723 860 παντελῶς.
759 793 928 853 αὐτοὶ
947 797 1012 852 δὲ
1039 796 1345 867 ἔρχουνται
1383 798 1468 860 εἰς
1504 794 1615 865 τήν
1639 804 1852 866 γραῖαν
1888 798 1988 852 καὶ
2015 796 2226 867 λέγουν
2263 817 2360 867 με»

414 878 486 937 τοὶ
522 879 779 950 μεγάλην
815 880 1042 950 φωνήν·
1092 885 1102 948 Ι
1148 887 1232 947 96,
1272 888 1302 936 7
1340 882 1440 935 καὶ
1478 878 1581 935 δὲν
1617 877 1809 951 ἐφάνη
1844 878 1921 936 να
1958 881 2106 951 ἔλθη
2139 885 2147 950 Ι
2199 888 2288 946 96,
2326 890 2358 937 9

414 964 516 1023 τὸν
554 965 746 1036 λόγον]
785 964 983 1022 νεῦσιν
1012 972 1022 1032 Ι
1052 972 1136 1033 96,
1161 973 1223 1021 10
1260 969 1312 1022 ὃ.
1341 1009 1352 1020 .
1380 1009 1391 1021 .
1418 966 1555 1036 μου]
1587 964 1797 1035 εὗγῆκε
1822 968 1922 1021 καὶ
1947 962 2177 1036 ὑπάγει.
2222 975 2358 1022 10-

417 1058 480 1108 13
516 1048 658 1121 ἐμοῦ
680 1092 694 1106 .
725 1094 737 1105 .
763 1053 887 1121 βαλ.
924 1072 1003 1106 om
1048 1054 1058 1119 Ι
1105 1056 1189 1116 96,
1231 1058 1294 1105 14
1330 1052 1485 1106 κτένι
1521 1053 1622 1107 καὶ
1658 1046 1753 1120 ὅχι
1807 1047 2062 1121 χρυσοὶφι
2105 1057 2114 1117 Ι
2161 1056 2248 1114 96,
2296 1059 2359 1105 16

414 1132 616 1206 ,μόνον
650 1134 722 1190 τὰ
756 1139 1007 1204 πουγκία
1043 1154 1113 1202 με
1150 1131 1220 1189 τὰ
1240 1139 1522 1205 φλουρία,
1558 1139 1678 1204 Ι96,
1719 1143 1782 1192 18
1817 1136 1918 1190 καὶ
1954 1133 2102 1198 ἐσεὶς
2139 1130 2358 1205 ὕστερα

413 1217 654 1286 έκοὶμετε
690 1217 881 1290 νόημα
915 1226 1038 1284 (ser.
1078 1221 1286 1288 νεῦμα)
1316 1226 1328 1287 Ι
1357 1227 1439 1283 97,
1465 1228 1499 1274 2
1535 1219 1669 1290 ἔφη]
1707 1221 1858 1289 λέγει
1890 1222 1900 1287 Ι
1930 1226 2018 1287 97,
2055 1226 2091 1273 4
2125 1216 2357 1276 αὐθέν-

413 1327 483 1376 τη
521 1302 629 1375 ἐγὼ
676 1308 685 1373 Ι
733 1311 818 1367 97,
857 1310 890 1358 5
935 1306 1034 1358 καὶ
1082 1299 1300 1359 ἐκείνοι
1347 1304 1554 1375 ἔλεγαν
1590 1304 1847 1360 δέσποτα
1884 1306 1986 1360 δέν
2021 1324 2133 1373 μας
2170 1303 2357 1360 ἔὸωσε

413 1393 649 1445 τίποτα·
704 1389 807 1443 καὶ
869 1383 1047 1443 παλιν
1102 1387 1310 1456 λέγουν
1355 1401 1481 1443 τον
1540 1384 1802 1457 αὖθέντη
1854 1385 2028 1456 ἡμεῖς
2064 1408 2212 1444 οταν
2250 1392 2359 1458 τῆς

403 1481 471 1539 ⁴(i.
508 1494 556 1528 e.
593 1468 762 1543 αὐτῇ)
801 1469 1097 1540 έὸωσαμεν
1142 1477 1149 1537 Ι
1199 1479 1285 1539 97,
1328 1479 1390 1527 15
1441 1474 1540 1528 καὶ
1587 1495 1642 1541 μ.
1689 1477 1775 1527 κλ.
1829 1469 1969 1541 ἐβόα
2012 1474 2113 1528 καὶ
2160 1472 2353 1543 ἔλεγε·

412 1558 729 1625 αλοίμονον
764 1559 825 1611 τί
857 1576 930 1610 να
967 1554 1116 1625 γένω
1152 1553 1187 1626 ἡ
1231 1561 1620 1626 ταλαίπωρος·
1675 1558 1791 1613 ποῦ
1827 1553 1902 1612 vo}
1937 1554 2359 1627 έγκρεμνησθῶ

412 1691 448 1761 ἡ
489 1644 847 1761 κακορίζηκῗ
875 1695 1200 1761 (scr-..tuom
1252 1696 1261 1760 Ι
1309 1698 1394 1760 97,
1432 1699 1495 1746 22
1552 1689 1701 1761 ἄφες
1755 1712 1825 1762 με
1879 1694 2056 1748 παιδί
2085 1714 2198 1762 μου
2241 1691 2357 1762 τήν

413 1772 637 1832 ἀθλίαν
672 1773 748 1830 να
785 1779 963 1831 κλαίω
1001 1772 1253 1840 ἐλεεινὸς
1286 1778 1327 1847 (.
1349 1821 1363 1835 .
1384 1779 1479 1846 ὥς)
1516 1773 1626 1845 τὴν
1661 1780 1952 1846 πτωχείαν
1976 1797 2088 1845 μου
2112 1779 2217 1832 καὶ
2246 1776 2359 1847 τήν

413 1880 462 1916 σ.
503 1881 632 1930 μου.
665 1863 674 1930 Ι
705 1867 790 1929 98,
829 1869 856 1916 1
896 1855 1301 1930 περισσότερον
1337 1857 1443 1929 τὴν
1479 1855 1759 1931 ἇνέγκαζε
1784 1858 1858 1917 να
1884 1864 1986 1917 τοῦ
2012 1857 2135 1930 ὖπῆ
2163 1863 2355 1933 (εἴπῃ)

414 1938 521 2014 τὴν
559 1939 851 2014 ἀλήθειαν
889 1948 988 2000 καὶ
1025 1942 1133 2015 τὴν
1169 1943 1367 2000 αἰτίαν
1421 1948 1430 2013 Ι
1473 1949 1557 2011 98,
1593 1951 1625 1998 5
1670 1942 1827 2000 οὖσαν
1862 1941 2076 2015 ἤκουσε
2112 1942 2226 2013 τὴν
2264 1947 2358 2001 αἰ-

413 2035 562 2098 τίαν,
599 2025 910 2101 έρμήνευσέ
946 2051 1046 2100 της
1078 2032 1087 2099 Ι
1117 2036 1202 2097 98,
1241 2034 1272 2083 8
1313 2027 1414 2084 ἕνα
1452 2021 1638 2097 ἅσπρο
1685 2033 1696 2099 Ι
1741 2035 1823 2097 98,
1863 2037 1924 2085 12
1974 2031 2056 2095 εἰς
2091 2026 2196 2087 τὸν
2237 2053 2355 2102 κρι-

411 2112 517 2183 τὴν
554 2115 652 2170 καὶ
692 2116 815 2171 εἰπέ
852 2132 980 2169 του·
1020 2118 1136 2182 Ι98,
1177 2121 1238 2169 17
1275 2115 1375 2168 καὶ
1411 2116 1563 2182 τῶρα
1596 2117 1916 2182 παρακαλῶ
1953 2134 2049 2171 σαι
2085 2136 2151 2170 το
2189 2111 2351 2171 οἷνω·

407 2205 570 2268 ρίσης
607 2196 680 2254 να
719 2198 937 2255 ἔλθουν
973 2199 1073 2253 καὶ
1099 2196 1157 2252 οἷ
1190 2199 1473 2267 τρεῖς(οω
1507 2195 1572 2253 τὸ
1611 2220 1692 2269 χρ.
1730 2195 1772 2254 έ.
1809 2219 1870 2255 π.
1909 2196 1953 2257 ἐ.
2006 2203 2078 2268 κ.)
2125 2201 2136 2268 Ι
2185 2206 2277 2268 99,
2319 2208 2346 2254 1

414 2285 571 2339 owse,
608 2283 714 2338 τὸν
752 2287 832 2348 θ.,
874 2274 947 2336 ἂν
984 2281 1091 2338 ὃὲν
1126 2280 1294 2338 εἷσθε
1332 2283 1431 2338 καὶ
1468 2280 1527 2337 οἵ
1560 2291 1740 2351 τρεῖς·
1797 2279 2003 2339 λοιπὸν
2038 2279 2205 2340 έλᾶτε
2247 2285 2351 2339 καὶ

411 2366 470 2423 οἴ
502 2375 656 2437 τρεῖς
687 2367 696 2437 Ι
728 2373 824 2444 99,,
850 2373 882 2421 5
919 2364 1239 2436 ἀμφίβολος
1288 2369 1298 2436 Ι
1346 2375 1429 2435 99,
1470 2373 1501 2422 8
1546 2368 1646 2422 καὶ
1684 2371 1876 2438 κραζει
1912 2390 2015 2438 την
2051 2368 2165 2426 καὶ,
2190 2367 2353 2439 λέγει

411 2466 535 2523 της·
588 2455 674 2515 τίς
711 2470 772 2507 σε
810 2447 1195 2521 ἐνουθέτησεν
1234 2446 1415 2508 αὐτὸν
1464 2449 1566 2508 τὸν
1611 2449 1957 2521 θαυμαστὸν
1995 2446 2189 2521 λόγον·
2249 2456 2354 2508 καὶ

410 2534 558 2606 αὐτῆ
600 2537 751 2607 λέγει
787 2556 891 2591 του
927 2530 1032 2592 ὅσα
1071 2533 1178 2606 τὴν
1216 2532 1531 2605 έρμήνευσε
1567 2535 1632 2592 τὸ
1669 2539 1840 2593 παιδὶ
1871 2539 1881 2605 Ι
1910 2543 1994 2604 99,
2023 2544 2083 2591 19
2108 2537 2208 2591 καὶ
2252 2534 2352 2593 εὖ·

409 2616 525 2685 θύς
561 2614 717 2691 ὅρισε
753 2621 855 2676 καὶ
902 2617 1124 2690 ἕκαμοέν
1159 2640 1224 2675 το
1261 2615 1621 2676 διδάσκαλον
1656 2618 1706 2688 ἆ.
1753 2621 1852 2675 καὶ
1889 2642 1950 2690 φ.
1987 2624 2103 2689 Ι99,
2142 2627 2206 2675 21
2248 2622 2354 2676 καὶ

410 2700 593 2775 ἄλλην
630 2700 902 2774 διήγησιν
940 2700 1257 2773 ἀνθρώπου
1302 2700 1460 2769 τινὸς
1504 2706 1770 2776 γέροντος
1801 2710 1808 2773 Ι
1840 2711 1923 2771 99,
1958 2711 2025 2759 24
2068 2698 2354 2775 ἀπομερι-

410 2787 547 2852 κούς
584 2785 930 2856 ἀνθρώπους
968 2790 1218 2859 (μερικοί
1247 2804 1368 2843 sunt
1402 2793 1674 2858 nonnulli)
1712 2793 1862 2858 1100,
1898 2796 1924 2843 1
1966 2789 2047 2853 εἰς
2084 2784 2148 2845 τὸ
2187 2787 2352 2847 56⁸5-

409 2895 483 2930 να
520 2869 767 2940 κᾶστρον
803 2875 1158 2927 πουλοῦνται
1196 2867 1407 2943 ἅκριβα
1440 2876 1450 2942 Ι
1481 2880 1597 2941 100,
1638 2881 1671 2928 4
1717 2872 1985 2942 ἔφθασεν
2029 2868 2171 2942 ἐκεῖ,
2211 2869 2348 2945 ἔξη-

408 2956 667 3028 φόρτωσε
702 2953 810 3025 τὴν
848 2954 1192 3027 ἕξωμερειαν
1223 2958 1232 3027 Ι
1268 2964 1381 3021 100,
1408 2964 1440 3012 5
1475 2953 1645 3027 μάθη
1668 2954 1775 3026 τὴν
1812 2957 1985 3027 τιμὴν
2022 2979 2068 3013 τ.
2108 2961 2180 3024 ξπ
2217 2964 2348 3022 πῶς

408 3043 506 3095 καὶ
546 3041 628 3103 εἰς
666 3044 726 3094 τί
756 3038 929 3110 τιμήν
965 3043 1319 3098 πωλοῦνται·
1374 3041 1473 3097 καὶ
1509 3040 1616 3109 τὴν
1655 3040 1826 3111 ἕκτην
1865 3035 2020 3111 ὥραν
2055 3045 2160 3110 τῆς
2197 3038 2347 3114 ἦμέ-

403 3147 510 3194 ρας
540 3127 549 3194 Ι
583 3131 695 3192 100,
726 3131 789 3180 15
810 3124 978 3195 ἔβαλέ
999 3145 1069 3180 τα
1108 3125 1193 3188 εἰς
1229 3123 1337 3194 τὴν
1375 3127 1617 3194 φωτίαν.
1656 3127 1754 3180 καὶ
1783 3124 1936 3195 έγινε
1973 3124 2156 3194 πολλή
2197 3124 2348 3196 φλό-

406 3232 479 3282 γα
520 3206 766 3279 εὐγῆκεν
803 3207 1017 3265 εὐωδία
1072 3207 1254 3277 πολλὴ
1304 3203 1402 3264 (ἐπ’
1455 3206 1599 3265 ἐκεῖ·
1653 3210 1755 3264 καὶ
1810 3205 1840 3266 ὁ
1896 3207 2350 3282 πραγματέὖτῆς

404 3286 545 3365 ἦτον
583 3290 710 3351 ἐκεῖ
739 3312 880 3363 σιμα
934 3298 1056 3359 (scr.
1094 3292 1242 3362 συμά
1290 3299 1477 3364 prope)
1508 3298 1517 3359 Ι
1551 3301 1665 3361 100,
1707 3301 1787 3350 19.
1837 3300 1903 3350 20
1946 3297 2044 3351 καὶ
2099 3318 2149 3350 κ.
2194 3342 2206 3355 ,
2230 3342 2243 3355 ,
2270 3297 2350 3353 εἶ-

404 3400 516 3437 πον
551 3401 656 3445 οηις
715 3380 800 3443 εἰς
835 3376 908 3433 τα
945 3374 1114 3434 έδικά
1149 3398 1264 3447 μου
1301 3376 1468 3446 ξύλα·
1507 3373 1600 3449 ὅχι
1639 3378 1743 3435 &zv
1778 3371 1974 3446 ἅναψε
2021 3377 2183 3445 τινας
2222 3402 2350 3449 φω-

402 3470 536 3521 τίαν
573 3460 686 3519 ἔδω
725 3462 808 3526 εἰς
845 3460 909 3518 τὸ
948 3467 1191 3533 φορτίον
1227 3483 1358 3533 σου,
1399 3464 1498 3518 καὶ
1536 3460 1600 3519 τὸ
1643 3460 1904 3533 πουρνὸν
1940 3461 2109 3534 ἐσέβη
2149 3463 2234 3527 εἰς
2275 3463 2344 3521 τὸ

406 3547 650 3615 κάστρον
686 3542 716 3601 ὁ
756 3541 1199 3617 πραγματέῦτῆς
1236 3549 1335 3603 καὶ
1371 3541 1606 3603 ἅπαντα
1644 3545 1746 3603 τὸν
1783 3542 2044 3619 ἆφέντην
2068 3569 2118 3603 τ.
2159 3551 2212 3603 ὃ.
2253 3546 2303 3607 ἔ.
2333 3555 2342 3616 Ι
