2563 4087
384 239 504 304 160

378 379 728 471 ἄνθρωπε,
762 378 951 468 ἄχρις
987 369 1070 448 οὗ
1106 381 1201 469 τῷ
1237 381 1376 469 ἐμῷ
1406 380 1598 448 παιδὶ
1624 379 1968 468 βρώσιμόν
1987 406 2054 448 τι
2079 405 2329 471 παρα-

380 481 723 553 σκευάσω.’
799 479 836 549 ὃ
887 480 965 550 δὲ
1011 478 1387 568 ὑπολαβών
1436 485 1563 568 ἔφη
1611 482 1693 569 τῇ
1742 488 2043 567 γυναικί·
2104 480 2327 570 ’ἄφες

288 612 295 618 ·
377 584 456 653 τό
498 611 574 671 γε
607 585 743 651 νῦν
782 588 936 668 ἔχον
971 580 1094 668 τὴν
1140 583 1261 650 τοῦ
1313 581 1551 662 παιδὸς
1587 584 1921 672 φροντίδα
1956 584 2070 653 καὶ
2105 586 2327 653 τοῦτο

378 683 464 770 δὴ
500 684 576 754 τὸ
613 682 935 773 ἡμέτερον
987 682 1425 772 ἐκπλήρωσον
1474 689 1712 771 ἔργον,
1760 683 1997 772 μήπως
2040 685 2327 770 γένοιτό

328 813 354 853 5
378 813 460 873 με
519 791 829 874 χρονίσαι
889 776 1056 853 ωδε)
1146 781 1191 871 ἢ
1251 784 1328 854 δὲ
1380 783 1718 873 ἀντέφησε
1761 787 1856 878 τῷ
1903 784 2137 875 ἀνδρί·
2222 787 2329 856 ‘so’

379 885 603 974 ᾔδεις,
652 876 705 955 ὦ
754 884 1115 974 ἄνθρωπε,
1166 883 1419 955 ὁποίαν
1470 875 1668 966 οὗτος
1718 884 1755 956 ὁ
1806 902 1968 967 παῖς
2013 914 2144 974 μου
2183 888 2325 975 τὴν

379 987 734 1074 ἀγχίνοιαν
768 989 1102 1075 κέκτηται,
1139 985 1267 1056 οὐκ
1303 984 1391 1057 ἄν
1424 987 1705 1056 τοιαῦτα
1739 1015 1850 1075 μοι
1879 987 2130 1074 ἔλεγεςῖ
2192 991 2321 1058 καὶ

380 1091 595 1158 ταῦτα
672 1091 962 1161 εἰποῦσα
1037 1086 1297 1168 ευθέως
1376 1091 1701 1178 ἐγείρεται
1782 1091 1897 1159 καὶ
1982 1086 2146 1178 ὅπερ
2232 1080 2324 1177 ἦν

384 1191 688 1276 ἑψήσασα
739 1196 1020 1279 ἔδεσμα,
1073 1187 1341 1279 ὀρῦζιον
1387 1190 1770 1276 τυγχάνον,
1822 1192 2161 1278 παρέθηκε
2216 1197 2320 1282 τῷ

302 1318 354 1358 10
383 1296 591 1362 παιδί.
669 1289 704 1360 ὃ
755 1291 831 1360 δὲ
879 1299 943 1361 εἰ
985 1293 1102 1360 καὶ
1149 1291 1238 1379 μὴ
1276 1291 1496 1379 πάντη
1529 1292 1767 1378 νήπιος
1801 1282 1888 1379 ἦν
1923 1294 2020 1383 τῷ
2056 1292 2319 1384 χρόνῳ,
2541 1249 2545 1360 Ι

380 1392 534 1464 ἀλλ’
623 1384 749 1463 οὖν
790 1441 793 1446 -
830 1391 1246 1482 ὀδυρόμενος
1330 1393 1603 1463 διετέλει
1682 1394 1797 1462 καὶ
1863 1393 1989 1480 τὴν
2055 1394 2323 1483 μητέρα
2541 1363 2545 1438 Ι

379 1494 708 1581 ἠνάγκαζε
734 1495 1210 1583 περισσότερον
1229 1492 1416 1586 αὐτῷ
1436 1494 1990 1581 παρατεθὲικέναι
2006 1491 2287 1582 ὀρύζιον
2306 1515 2319 1527 ’
2541 1443 2545 1584 Ι

374 1594 492 1664 ὀὐ
543 1595 679 1684 γὰρ
739 1594 1132 1683 κεκόρεσμαι
1194 1592 1344 1682 ἔπ’,
1407 1600 1617 1682 φησίν
1641 1647 1659 1682 ,
1726 1593 1934 1665 ‘omen
1995 1603 2359 1676 πλείονος.

231 1730 275 1766 1³·
302 1722 354 1763 93
380 1695 744 1785 ὀρέγομαιῖ
825 1696 868 1784 ἡ
905 1698 983 1766 δὲ
1016 1695 1229 1786 μήτηρ
1268 1699 1541 1785 ἐποίησε
1588 1695 1755 1765 κατά
1792 1697 1867 1766 τὸ
1904 1699 2027 1765 τοῦ
2066 1696 2320 1778 παιδὸς

304 1822 353 1862 15
378 1799 673 1885 θέλημα·
729 1793 767 1865 ὃ
794 1796 870 1867 δὲ
897 1789 1101 1878 αὖθις
1128 1799 1246 1867 καὶ
1275 1799 1507 1886 ἑτέρας
1535 1797 1935 1888 παραθήκης
1965 1799 2323 1887 ἐφιέμενος

383 1898 493 1968 ἐπὶ
541 1901 748 1967 πλέον
796 1899 968 1987 πρὸς
1015 1901 1138 1989 τὴν
1185 1900 1439 1987 μητέρα
1487 1897 1895 1988 ὠλοφύρετο.
1980 1898 2019 1967 ὁ
2084 1901 2326 1987 μέντοι

377 2000 751 2082 ἀκόλαστος
773 2003 1027 2081 ἐκεῖνος
1045 1996 1218 2089 ἀνὴρ
1237 2006 1707 2089 δυσχεραίνων
1737 2003 1849 2071 ἐπὶ
1875 2003 1961 2090 τῇ
1992 1999 2323 2092 ἀσελγείᾳ

377 2107 501 2172 τοῦ
540 2102 778 2183 παιδὸς
814 2105 928 2175 καὶ
963 2108 1060 2193 τῷ
1094 2102 1343 2173 τούτου
1380 2101 1771 2195 ἀδιακόπτςο
1795 2105 2161 2195 κλαυθμῷ,
2194 2107 2323 2174 λε’-

379 2230 482 2289 γει
508 2203 677 2301 πρὸς
705 2202 918 2273 αὐτόν
936 2222 949 2236 ·
990 2202 1008 2229 ‘
1025 2211 1184 2273 λίαν
1209 2206 1306 2295 τῷ
1336 2202 1480 2273 ὄντι
1505 2203 1786 2293 ἀναιδὴς
1811 2206 1926 2273 καὶ
1946 2203 2321 2293 ἀκόρεστος

303 2329 354 2369 20
381 2306 729 2393 πέφυκας,
763 2306 878 2373 καὶ
915 2303 1041 2373 οὐκ
1080 2312 1306 2375 ἔνεστί
1335 2325 1441 2375 σοι
1476 2304 1838 2395 φρόνησις,
1884 2305 1977 2386 ὣς
2013 2303 2156 2395 ὁρῶ
2177 2359 2198 2395 ,
2236 2308 2318 2375 τὸ

382 2407 727 2494 παράπαν.
779 2412 846 2477 εί
876 2406 1010 2496 γὰρ
1044 2407 1121 2475 τὸ
1156 2409 1468 2476 τοιοῦτον
1506 2411 1749 2494 ἔδεσμα
1786 2406 1985 2477 πέντε
2018 2406 2320 2496 ἀνδράσι

380 2508 717 2597 παρετέθη
736 2559 755 2594 ,
804 2511 1104 2588 δαψιλῶς
1151 2504 1238 2576 ἂν
1274 2504 1512 2587 αὐτοῖς
1548 2515 1644 2588 εἰς
1680 2507 1889 2598 κόρον
1923 2505 2316 2598 διήρκεσεν.’

381 2608 416 2701 ὁ
456 2608 530 2679 δὲ
566 2624 726 2689 παῖς
761 2607 1132 2697 ὑπολαβών
1172 2616 1333 2697 ἔφη·
1401 2607 1527 2678 ’σύ
1566 2611 1826 2696 μᾶλλον
1876 2609 2097 2698 πάσης
2144 2610 2318 2680 ἀπε*

381 2712 693 2799 στέρησαι
738 2710 1169 2800 φρονήσεως,
1219 2708 1312 2790 ὥς
1359 2711 1437 2779 τὸ
1487 2710 1669 2799 παρὰ
1718 2713 1843 2781 σοῦ
1891 2715 2026 2780 νῦν
2072 2714 2319 2800 ζητού-

301 2833 354 2875 25
378 2836 586 2898 μενον
632 2813 748 2880 καὶ
799 2813 923 2900 ἐμῇ
973 2814 1175 2902 μητρὶ.
1224 2811 1545 2901 ἀπρεπῶς
1605 2813 1971 2901 λεγόμενον
2019 2814 2319 2884 σεαυτὸν

381 2912 669 2999 ἐπιζητεῖ
722 2913 837 2980 καὶ
892 2915 1133 3002 πρᾶξιν
1184 2913 1582 3002 μεταδιώκει
1637 2917 1777 3004 θεῷ
1835 2918 2317 3003 μεμισημένην.

384 3016 458 3082 ἐν
497 3013 644 3100 ἐμοὶ
672 3012 748 3081 δὲ
775 3019 847 3082 τί
867 3018 1173 3106 καθορᾷς
1200 3015 1591 3109 φρονήσεως
1622 3017 2100 3103 ἐστερημένον,
2141 3014 2318 3084 ἀλλά

380 3115 497 3182 καὶ
544 3112 678 3181 ἀπὸ
731 3117 941 3184 τοῦδέ
980 3143 1113 3203 μου
1166 3121 1289 3185 τοῦ
1338 3119 1700 3204 κλαυθμοῦ
1751 3113 1916 3206 ὅπερ
1950 3114 2321 3186 ἀναίδειαν

213 3324 255 3365 .
514 3348 549 3396 4
624 3336 786 3427 η’πως
818 3337 1047 3411 ἀργήσω
1081 3347 1125 3397 Ρ
1250 3347 1312 3398 12
1348 3341 1840 3424 παρατεθεικέναι
1873 3345 1945 3409 cf.
1985 3348 2213 3409 103,19

383 3414 446 3464 13
484 3407 568 3464 ἔτι
632 3404 827 3478 ἀκμὴν
862 3413 906 3462 Ρ
1046 3415 1111 3464 14
1146 3406 1298 3465 κατὰ
1333 3430 1427 3467 om.
1460 3414 1506 3464 P
1652 3416 1715 3465 17
1754 3403 2044 3484 ἀσελγείᾳ]
2083 3382 2327 3493 ἀνάγκη

380 3479 424 3528 Ρ
597 3481 662 3531 25
699 3472 970 3559 σεαυτὸν]
1007 3481 1075 3543 ef.
1111 3498 1162 3534 n.
1198 3483 1271 3532 ad
1302 3498 1355 3547 p.
1390 3484 1476 3548 93,
1518 3485 1579 3532 11
1751 3483 1818 3532 26
1852 3464 2206 3546 μεταδιώκει
2246 3487 2327 3546 of.

381 3547 565 3605 93,12
702 3549 768 3598 28
803 3562 947 3613 οπερ
984 3548 1028 3598 Ρ
1064 3564 1260 3615 quoque
