2563 4087
475 256 560 320 20
1323 258 1392 335 Π.
1431 274 1474 308 s,
1515 261 1560 313 1.

476 403 615 467 νιδι
643 392 726 469 ἐν’
744 400 933 487 χερσὶ
962 397 1267 488 φερούσῃ
1300 398 1429 467 δύο
1456 400 1807 488 καθαροὺς
1833 398 2081 489 ἄρτους
2107 403 2223 470 καὶ
2250 400 2423 470 τοὺ-

476 527 638 581 τους
666 507 763 580 εἰς
791 499 1050 589 ἀγορὰν
1077 502 1600 591 προκαλουμένη
1634 507 1732 593 τῷ
1761 502 2159 593 βουλομένῳ
2188 510 2417 571 παντί.

475 607 559 690 τῇ
599 607 774 688 γοῦν
807 606 948 671 τῶν
985 601 1211 691 ἄρτων
1237 602 1653 691 καθαρότητι
1690 604 1805 672 καὶ
1839 609 1934 695 τῷ
1970 609 2087 690 της
2120 613 2422 694 θεωρίας

273 734 450 783 μετΒ.
477 704 708 772 κάλλει
754 702 1172 794 εὐφρανθεὶς
1235 704 1272 772 ὁ
1324 703 1664 793 ὑπηρέτης
1726 706 1887 786 τοὺς
1939 704 2189 795 ἄρτους
2246 704 2420 793 ἠγό-

424 835 450 876 5
478 827 641 894 ρασε
679 808 795 874 καὶ
831 811 927 898 τῷ
957 813 1177 898 κυρίῳ
1206 807 1682 894 προσήνεγκεν.
1741 805 1776 875 ὁ
1820 808 1897 878 δὲ
1942 815 2230 897 ἔμπορος
2257 809 2419 889 τούς

477 907 728 997 ἄρτους
763 906 1045 996 φαγών,
1090 907 1462 997 ηὐφράνθη
1513 909 1729 977 πολλοὶ
1778 917 1861 999 τῇ
1916 907 2148 979 αὐτῶν
2195 914 2418 999 τροφῇ

477 1012 593 1079 καὶ
629 1010 808 1096 λέγει
857 1014 954 1100 τῷ
990 1018 1359 1101 νεανίσκω
1412 1008 1630 1098 ,,καθ’
1670 1009 1929 1099 ἡμέραν
1965 1010 2100 1080 ἀπὸ
2150 1012 2419 1081 τούτων

479 1110 809 1201 ,,άγόραζέ
841 1138 954 1199 μοι
1002 1117 1139 1180 τῶν
1187 1109 1415 1240 ἄρτων
1464 1118 1563 1192 εἰς
1596 1112 1929 1202 ἡμετέραν
1973 1112 2306 1213 τροφήνῆ(
2380 1113 2416 1182 ὁ

479 1212 554 1282 δὲ
588 1212 930 1302 ὑπηρέτης
967 1210 1183 1293 οὕτως
1223 1216 1435 1283 ἐποίει
1467 1214 1701 1294 καθως
1739 1215 2206 1304 παρηγγέλθη,
2245 1215 2415 1302 ἀγο*

402 1346 452 1387 ιο
480 1315 695 1404 ράζων
748 1314 882 1383 άπὸ
934 1319 1052 1402 τῆς
1113 1316 1440 1401 γυναικὸς
1498 1318 1756 1404 ἐκείνης
1808 1319 1924 1385 καὶ
1977 1325 2269 1403 κομίζων
2321 1320 2416 1410 τῷ

302 1420 309 1423 ’
478 1425 700 1508 κυρίῳ
737 1416 976 1485 αὑτοῦ.
1032 1420 1150 1507 μιᾷ
1191 1416 1269 1485 δὲ
1304 1421 1443 1486 τῶν
1479 1415 1750 1507 ἡμερῶν
1786 1417 2109 1488 ἀπελθών
2158 1418 2193 1487 6
2235 1418 2419 1506 ὑπη-

481 1518 676 1607 ρέτης
713 1526 810 1597 εἰς
845 1518 970 1604 τὴν
998 1516 1288 1608 άγοράν,
1316 1516 1613 1609 εὑρίσκει
1638 1521 1763 1607 τὴν
1789 1520 2072 1590 νεάνιδα
2097 1521 2187 1607 μὴ
2222 1527 2448 1608 ἔχου-η

480 1640 610 1689 σαν
637 1621 807 1698 τούς
834 1620 1154 1745 συνήθεις
1183 1619 1482 1711 ἄρτους,
1491 1619 1667 1710 (καὶ)
1709 1623 2223 1710 ἐπαναστρέψας
2252 1622 2423 1712 πρὸς

478 1722 604 1793 τὸν
641 1721 881 1810 κύριον
918 1720 1173 1819 αὐτοῦ,
1212 1722 1392 1809 λέγει
1420 1720 1645 1815 αὐτῷ·
1687 1725 2048 1812 ,ῃινωστόν
2087 1731 2257 1793 ἔστω
2294 1743 2425 1812 σοι,

404 1851 453 1892 15
485 1823 728 1949 ,,κυ’ριέ
762 1849 921 1911 μου,
959 1851 1051 1902 ως
1091 1822 1156 1902 ἐξ
1197 1828 1465 1894 ἐκείνου
1494 1830 1618 1894 τοῦ
1659 1824 1870 1914 ἄρτου
1911 1825 2038 1894 οὑκ
2064 1814 2425 1914 ἠδυνήθην

482 1923 793 2013 ,,ε’ὑρεῑ’ν
844 1933 967 2011 μία
1002 1953 1135 2014 γαρ
1182 1929 1410 2006 νεᾶνις
1458 1925 1739 2014 ἐπώλει,
1788 1929 1906 1997 καὶ
1952 1933 2087 1997 νῦν
2125 1926 2254 1996 οὐκ
2296 1934 2428 2014 ἔχει

482 2024 903 2116 ,,πωλῆσαι.“
961 2025 996 2095 6
1029 2027 1104 2097 δὲ
1137 2028 1428 2118 ἔμπορός
1457 2051 1622 2118 φησι
1647 2033 1742 2122 τῷ
1771 2028 2079 2120 ὑπηρέτῃ
2099 2048 2112 2062 ·
2159 2029 2423 2118 ,,λάλη-

483 2129 659 2216 ,,σο’ν
694 2155 808 2217 μοι
838 2129 915 2196 τὸ
938 2131 1196 2198 ’λοιπὸν
1235 2135 1502 2218 ἐκείνην
1536 2132 1661 2219 τὴν
1696 2132 2000 2219 νεάνιδα,
2038 2129 2221 2211 ὅπως
2257 2129 2427 2219 ἡμῖν

483 2240 694 2318 ,,εἰ’πῃ
734 2233 879 2310 πῶς
915 2231 1036 2299 τὸν
1070 2236 1381 2301 τοιοῦτον
1417 2234 1631 2302 καλὸν
1667 2232 1875 2322 ἄρτον
1911 2231 2126 2357 ρῦτως
2161 2231 2427 2319 ἡδύτα-

393 2360 460 2401 20
497 2357 662 2419 ,,τον
697 2333 1190 2418 κατεσκεύαζεν.
1199 2332 1244 2367 “
1303 2331 1468 2403 ὅθεν
1495 2338 1607 2403 καὶ
1645 2334 1680 2403 6
1709 2333 2052 2424 ὑπηρέτης
2088 2334 2278 2459 φέρει
2303 2361 2429 2460 την

476 2433 694 2522 κόρην
743 2434 914 2523 πρὸς
971 2434 1095 2504 τὸν
1146 2442 1474 2524 ἔμπορον·
1539 2435 1652 2505 ὅτε
1694 2439 1811 2505 καὶ
1859 2438 2040 2523 λέγει
2087 2435 2258 2525 πρὸς
2304 2436 2432 2521 τὴν

475 2535 697 2624 κόρην
731 2535 769 2604 6
810 2534 1068 2624 ἄρχων
1111 2538 1339 2625 ,,λέγε,
1378 2538 1429 2605 ὠ
1457 2542 1708 2626 νεᾶνις,
1734 2565 1897 2625 μετα
1927 2537 2256 2626 ἀληθείας
2285 2540 2430 2618 πῶς

280 2667 469 2718 ῬεεΒ.
506 2638 674 2727 ,,τὸν
724 2636 969 2727 ἄρτον,
1030 2636 1110 2707 ὃν
1163 2640 1439 2719 ἐπώλεις
1486 2643 1580 2731 τῷ
1635 2643 1771 2731 ἐμῷ
1817 2639 2163 2729 ὑπηρέτῃ,
2212 2666 2431 2720 ουτως

628 2909 657 2956 1
685 2901 971 2988 καθαρός]
1003 2921 1071 2956 ex
1094 2905 1305 2973 polline
1332 2906 1539 2971 optimo
1568 2909 1624 2954 et
1645 2905 2015 2956 minutissimo
2041 2905 2333 2956 confectus

487 2979 521 3027 2
561 2971 646 3034 εἰς
684 2967 905 3040 ἀγοράν
941 2991 1042 3026 non
1078 2982 1154 3025 est
1189 2975 1249 3023 in
1274 2973 1422 3036 foro,
1459 2974 1556 3023 sed
1588 2971 1659 3022 ad
1698 2974 1988 3023 emendum
2113 2974 2432 3037 προκαλου·

488 3038 634 3112 μένη
662 3058 763 3094 non
786 3050 959 3107 potest
971 3044 1264 3108 siqnificare
1289 3042 1337 3094 Ιι.
1357 3044 1389 3094 1.
1409 3011 1683 3106 ’inuitanffi
1710 3043 1807 3092 sed
1828 3045 1900 3092 nil
1922 3043 2023 3092 nisi
2043 3044 2076 3091 i.
2100 3058 2150 3106 q.
2176 3040 2431 3098 offerens,

492 3126 800 3192 exponens;
851 3117 907 3161 at
942 3112 1145 3161 dazinus
1181 3112 1449 3160 adiunctus
1485 3111 1719 3174 offendit.
1757 3125 1825 3160 an
1858 3102 2299 3175 προβαλομένηῗ

493 3183 525 3232 5
559 3171 915 3245 προσήνεγκε
948 3178 1069 3228 libri
1227 3180 1291 3229 13
1328 3169 1718 3243 ἀναστρέψας
1731 3177 1828 3227 BV
1986 3173 2087 3227 καὶ
2124 3177 2325 3232 adieci,-
2362 3181 2433 3225 et-

492 3254 629 3301 enim
663 3248 750 3296 ubi
782 3248 1091 3298 enuntiatum
1131 3261 1240 3295 cum
1283 3248 1450 3296 altero
1484 3260 1585 3295 non
1620 3246 1902 3296 conectitur
1944 3247 2205 3310 particula
2238 3246 2432 3322 aliqua,

489 3318 537 3368 si
576 3316 781 3368 dicendi
813 3314 1020 3366 uerbum
1054 3316 1217 3371 adest,
1254 3314 1350 3364 hoc
1384 3313 1446 3363 ab
1482 3313 1626 3364 initio
1661 3315 1924 3364 conlocari
1952 3314 2307 3363 solet-16
2347 3324 2438 3362 ευ·

531 3382 646 3449 εἰν]
625 3382 960 3449 ]uernacule
996 3381 1327 3432 bekommen
1405 3411 1416 3420 ·
1462 3372 1597 3461 γὰρ]
1641 3374 1707 3432 δὲ
1744 3380 1840 3431 BV
1878 3368 1993 3444 (ὅτι
2028 3379 2101 3440 D)
2242 3370 2436 3431 ουκέτι

492 3401 556 3517 {x
563 3454 650 3502 st?
687 3451 756 3514 cf.
795 3451 844 3501 D
987 3451 1049 3500 17
1090 3442 1362 3515 λάλησον]
1401 3449 1655 3526 καλησον
1690 3446 1913 3509 (uolebat
1934 3451 2045 3499 εἰπε
2081 3447 2234 3498 dubio
2270 3440 2429 3498 κάλε-

494 3519 617 3584 σον)
642 3518 985 3570 Boissonade
1105 3519 1168 3567 18
1204 3508 1477 3568 τολοιπὸν
1500 3515 1551 3567 V
1583 3531 1741 3580 saepe
1857 3518 1924 3567 20
1961 3509 2126 3580 φέρει
2159 3516 2196 3565 ἰ.
2225 3530 2271 3565 e.
2304 3527 2432 3579 αγει

630 3588 694 3636 ’22
731 3576 924 3652 ἄρχων
958 3589 992 3635 ι’.
1020 3602 1064 3637 e.
1102 3575 1302 3650 κύριος
