2563 4087
349 209 477 274 264
1162 211 1268 263 Aes
1277 227 1412 277 opus
1448 211 1477 261 1
1573 232 1588 242 ·

351 367 631 450 νίψον.“
699 374 1017 437 διενοεῖτο
1045 368 1177 455 γὰρ
1204 366 1354 437 καθ’
1381 366 1618 455 αὐτόν,
1657 366 1751 447 ὦς
1779 369 2052 448 πάντως
2090 366 2126 436 ὁ
2165 368 2306 456 μὲν

351 472 537 552 ξένος
567 468 1121 557 εὐλαβηθήσεται,
1149 468 1184 537 ὁ
1215 468 1274 539 δ’
1309 479 1655 557 Αἴσωπος,
1684 468 1775 549 ὥς
1805 472 2069 540 ἐκείνου
2100 493 2304 560 περι-

353 574 556 659 ε’ργου
607 572 971 657 φανέντος,
1029 570 1292 658 πληγὰς
1338 570 1635 658 λήψεται.
1718 569 1760 658 ἡ
1808 570 1933 658 μὲν
1982 562 2115 639 οὖν
2160 579 2302 658 βα·

350 680 567 742 λοῦσα
602 672 678 740 τό
709 669 900 761 ὕδωρ
936 678 1034 750 εἰς
1067 670 1192 759 τὴν
1220 672 1537 761 λεκάνην,
1574 670 1679 761 ᾔει
1713 672 1875 752 τούς
1911 671 2128 750 πόδας
2165 675 2301 741 τοῦ

299 777 550 856 εξένου
602 780 935 852 νίψουσα·
1001 769 1035 839 ὃ
1091 772 1159 841 δ’
1213 773 1533 859 ἐπιγνοὺς
1596 774 1853 861 ταύτην
1902 763 2118 843 οὖσαν
2169 773 2307 861 τὴν

147 850 259 903 μω
278 852 323 891 b'
353 878 474 942 τοῦ
508 884 701 943 οἴκου
748 873 1087 961 δεσπότιν,
1133 872 1285 944 καθ’
1328 874 1576 943 ἑαυτὸν
1612 873 1786 943 εἶπε·
1842 876 2167 961 ,,τιμῆσαί
2213 902 2302 962 με

353 975 623 1056 πάντως
670 976 1010 1062 βούλεται,
1059 977 1174 1043 καὶ
1221 974 1472 1045 τούτου
1523 976 1605 1061 δὴ
1655 976 1853 1063 χάριν
1901 974 2300 1066 αὐτοχειρίᾳ

351 1077 513 1157 τούς
563 1076 778 1156 πόδας
826 1103 959 1163 μου
1007 1076 1322 1161 βούλεται
1356 1084 1580 1163 νίψαι,
1631 1078 1774 1147 ἐπεὶ
1809 1083 2300 1166 θεραπαινίσιν

353 1175 528 1265 εἶχεν
557 1175 643 1247 ἂν
671 1174 850 1247 τοῦτ’
887 1176 1256 1259 ἐπιταξαι.“
1311 1185 1669 1266 προτείνας
1699 1171 1826 1247 οὖν
1855 1177 2019 1258 τοὺς
2046 1177 2301 1266 πόδας,

276 1308 326 1346 10
354 1288 648 1368 ,,νι’ψον,
710 1278 973 1370 κυρία“
1043 1288 1227 1365 φησί.
1329 1281 1442 1348 καὶ
1504 1280 1873 1368 νιψάμενος
1934 1276 2292 1367 ἄνεκλίθη.

350 1388 475 1449 τοῦ
513 1381 589 1450 δὲ
623 1380 904 1461 Ξάνθου
942 1379 1386 1473 κελεύσαντος
1424 1371 1615 1450 οἶνον
1659 1386 1755 1471 τῷ
1793 1382 1964 1472 ξένῳ
2001 1383 2298 1469 δοθῆναι

352 1499 555 1570 πιεῖν,
629 1481 832 1552 πάλιν
897 1484 1152 1562 ἐκεῖνος
1214 1485 1636 1568 διελογίσατο
1697 1480 1846 1551 καθ’
1914 1481 2131 1551 αὑτὸν
2200 1480 2293 1561 ὥς

355 1582 660 1671 ,,αὐτούς
718 1582 845 1670 μὲν
893 1583 1221 1672 πρότερον
1288 1587 1420 1652 ἔδει
1478 1600 1682 1671 πιεῖν,
1743 1584 1887 1652 ἐπεὶ
1948 1582 2013 1652 δ’
2067 1581 2290 1662 οὕτως

351 1683 586 1763 αὐτοῖς
618 1682 867 1770 ἔδοξεν,
886 1683 1091 1753 οὐδὲν
1120 1689 1323 1772 ἔργον
1354 1685 1501 1773 ἐμοὶ
1521 1685 1895 1753 τὰτοιαῦτα
1919 1683 2294 1772 ἐρευνᾶνίς,

275 1812 324 1852 15
350 1787 465 1854 καὶ
515 1783 744 1873 λαβών
794 1791 995 1882 ἔπιεν.
1094 1783 1527 1874 ἀριστώντων
1574 1785 1650 1855 δὲ
1696 1794 1817 1854 καί
1860 1812 2041 1866 τινος
2096 1786 2291 1854 ἐδέσ-

352 1907 600 1975 σματος
634 1891 733 1978 τῷ
761 1884 932 1978 ξένῳ
961 1889 1461 1976 παρατεθέντος
1488 1886 1807 1956 κάκείνου
1836 1885 2052 1974 ἡδέως
2093 1889 2291 1956 ἐσθί-

353 2015 573 2076 οντος,
609 1988 645 2057 ὁ
685 1988 956 2069 Ξάνθος
984 1992 1080 2080 τῷ
1107 1996 1410 2080 μαγείρῳ
1452 1986 1542 2079 ὠς
1577 1993 1801 2069 κακῶς
1827 1990 2033 2057 τοῦτο
2068 1987 2288 2078 ἄρτύ-
2560 2026 2562 2136 ¹

352 2113 544 2159 σαντι
595 2091 891 2161 ἐνεκάλει
947 2092 1064 2159 καὶ
1111 2091 1344 2177 μέντοι
1388 2092 1509 2159 καὶ·
1556 2090 1977 2159 ἀποδυθέντι
2023 2090 2291 2178 πληγὰς

353 2193 672 2280 ἐνεφόρει.
739 2190 774 2259 ὁ
813 2191 881 2260 δ’
922 2190 1212 2281 ἄγρότης
1248 2190 1397 2261 καθ’
1442 2190 1685 2261 ἑαυτὸν
1724 2198 1941 2278 ἔλεγε·
2000 2193 2122 2280 ,,τό
2159 2191 2289 2279 μὲν

489 2458 516 2505 1
556 2453 731 2521 νίψον
769 2453 872 2506 τοῦ
910 2453 957 2519 ξ.
997 2455 1045 2505 Φ
1167 2448 1275 2522 γάρ
1314 2473 1406 2507 om.
1445 2455 1496 2504 D
1525 2459 1551 2506 1
1590 2458 1710 2507 add.
1746 2456 1796 2506 D
1824 2458 1854 2506 2
1978 2444 2117 2506 καθ’
2158 2446 2290 2506 §av-

350 2515 452 2573 τὸν
487 2523 601 2573 Rz
647 2514 785 2574 καθ’
822 2515 1002 2574 ἀυτὸν
1050 2524 1104 2573 Η
1160 2515 1470 2575 καθαυτόν
1505 2524 1550 2574 Ρ
1594 2540 1771 2587 saepe,
1820 2539 1914 2574 om.
1960 2522 2011 2572 D
2182 2518 2292 2587 μὲν

351 2608 442 2641 om.
480 2590 531 2640 D
563 2594 585 2640 1
625 2594 745 2642 add.
780 2592 831 2640 D
858 2593 888 2640 2
1027 2594 1058 2641 3
1096 2585 1329 2656 λήγεται
1366 2591 1415 2641 R
1543 2582 1834 2656 βάλλουσα
1869 2592 1915 2641 Β
2005 2623 2017 2632 -
2042 2592 2076 2640 4
2113 2588 2175 2642 εἴ
2242 2590 2292 2640 R

508 2661 539 2709 ὅ
575 2657 800 2720 νίψασα
836 2658 906 2721 R,
940 2660 994 2708 in
1028 2658 1092 2735 12
1114 2658 1374 2722 νίψουσα
1408 2675 1544 2712 corr.
1581 2674 1651 2709 ex
1687 2656 1915 2721 νίψωσα
2073 2648 2125 2707 δ’
2164 2607 2290 2709 ἔπι-

349 2719 523 2791 ·γνοὺς
557 2726 689 2775 VM
714 2728 759 2776 R
786 2726 832 2788 Q
859 2724 910 2773 D
936 2725 1012 2775 Φε
1059 2715 1154 2776 οδ’
1204 2717 1440 2791 ἔέγνούς
1485 2725 1541 2775 H
1582 2729 1634 2775 in
1675 2728 1869 2790 pagina
1913 2732 2166 2789 extrema,
2217 2720 2298 2777 δὲ.

350 2786 523 2858 γνούς
559 2792 606 2841 Ε
645 2787 735 2855 (δὲ
773 2809 908 2842 corr.
938 2809 1008 2843 eoe
1038 2784 1146 2858 δὲ),
1185 2793 1236 2842 Κ
1259 2795 1301 2843 Ζ
1329 2809 1364 2842 v
1467 2795 1498 2841 6
1536 2784 1825 2859 δεσπότην
1850 2794 1900 2843 V
1936 2788 2210 2844 δέσποτιν
2234 2792 2289 2841 D

353 2873 393 2915 (ι
432 2877 501 2909 eoe
535 2860 697 2914 corr.)
736 2854 1027 2926 δεσπότῆν
1065 2860 1109 2909 Ρ
1271 2855 1434 2911 εἶπεν
1469 2860 1528 2909 Μ
1679 2876 1750 2925 με
1787 2876 1880 2910 om.
1920 2860 1968 2911 Φ
2116 2862 2146 2910 7
2186 2855 2291 2924 δὴ]

351 2922 415 2976 δὲ
457 2926 504 2977 Φ
529 2928 574 2976 Ε
600 2926 656 2976 Η
680 2927 731 2976 Κ
754 2927 794 2975 Ζ
822 2942 852 2975 v
992 2928 1023 2977 8
1058 2920 1365 2992 ποδάσμου
1400 2943 1432 2976 a
1476 2921 1664 2985 ποδάς
1700 2943 1811 2993 μου
1846 2928 1881 2977 b
2027 2926 2288 2991 θεραπε-

349 2992 501 3045 νίσιν
535 2994 584 3043 V
607 2994 654 3043 E
680 2995 733 3043 H
769 2993 1169 3057 θεραπενίσων
1207 2996 1251 3043 Ρ
1408 2997 1439 3046 9
1477 2984 1551 3044 ἂν
1593 2989 1711 3077 εἶχε
1748 2995 1794 3058 Q
1833 3011 1989 3046 erasa
2022 2997 2058 3046 l.
2096 3010 2130 3044 ν

350 3059 520 3112 τοῦτο
557 3060 605 3111 Φ
735 3064 798 3112 10
833 3057 934 3112 καὶ
968 3077 1059 3112 om.
1097 3062 1144 3111 A
1171 3065 1199 3111 1
1237 3064 1360 3117 add.
1396 3063 1445 3112 A
1468 3065 1499 3113 2
1627 3059 1952 3128 ανεκλίνθη
1990 3063 2043 3112 K
2064 3060 2105 3111 Z
2129 3061 2164 3111 b

352 3131 415 3178 12
452 3119 748 3180 ἕαυτόννΒ
904 3131 967 3180 13
1004 3124 1108 3194 μὲν
1145 3121 1209 3179 τὸ
1245 3145 1342 3196 πρ.
1377 3130 1423 3179 Ε
1451 3130 1506 3180 Η
1530 3130 1581 3179 Κ
1605 3130 1645 3178 Ζ
1670 3145 1705 3179 v
1867 3122 1994 3181 ἐπεὶ
2031 3120 2091 3179 δ’
2129 3121 2204 3188 ὣς
2239 3128 2292 3178 A

350 3188 595 3255 ἐπειδῶς
631 3198 675 3247 Ρ
868 3199 933 3247 14
968 3189 1039 3247 τοὶ
1075 3187 1292 3247 τοιαῦτ’
1335 3190 1379 3247 ἐ.
1412 3196 1472 3247 Μ
1495 3198 1542 3248 Φ
1581 3189 1733 3264 ἐρ.τά
1769 3196 2015 3248 τοιαῦτα
2051 3196 2096 3258 Q

352 3268 414 3314 15
451 3254 814 3328 ἀριστώντων
851 3266 1066 3343 εενξρείι
1114 3253 1502 3330 ἄριστούντων
1539 3265 1660 3315 libra·
1821 3266 1884 3315 16
1919 3264 2201 3328 παρατιθ.
2240 3262 2292 3313 Ρ

453 3334 513 3382 17
552 3330 734 3383 τοῦτω
770 3333 814 3382 Ρ
920 3323 1275 3395 αρτῦσαντος
1298 3331 1348 3381 V
1386 3325 1688 3396 ἄρτίσαντι
1724 3332 1769 3394 Q
1797 3332 1841 3403 P,
1950 3333 2013 3383 18
2048 3325 2216 3397 μέντι
2240 3330 2289 3381 Ρ

451 3392 813 3451 ἄποδοθέντι
852 3398 901 3448 R
1006 3400 1070 3449 19
1107 3390 1389 3465 ἐνεφόρει
1422 3400 1457 3449 b
1485 3402 1631 3450 1534.
1674 3401 1824 3450 154⁷.
1950 3393 2019 3451 δὲ
2059 3398 2105 3449 R
2129 3398 2170 3447 Z

348 3455 685 3583 5330261‘1’2}
706 3467 750 3582 Ξ
774 3467 1289 3584 ὲὸἰ3·θέὃέῒ,;ὲῖ“ῐ;
1336 3457 1622 3599 dvm
1659 3468 1864 3585 §1²2⁵ss
2006 3457 2149 3516 “ff
2181 3455 2291 3516 αὖ·
