2563 4087
1941 283 2060 347 137

135 427 287 496 υἱόν
324 448 448 495 σου
487 431 858 512 διαχειρίσῃ
912 428 984 507 ἐκ
1022 428 1219 513 ψιλῆς
1256 428 1572 513 διαβολῆς
1606 428 1737 493 τοῦ.
1767 414 2063 515 καταρα-

117 555 250 597 -του
287 531 487 597 τοῦδε
522 536 855 614 γυναίου,
907 527 1022 596 καὶ
1059 518 1274 596 ταῦτά
1310 553 1372 594 τι
1417 529 1682 596 τοιοῦτο
1729 526 1819 614 μὴ
1866 527 2065 608 εἰδώς

137 632 429 715 ἐκείνου,
467 631 583 697 καὶ
619 632 715 720 τῷ
768 630 865 720 σῷ
902 629 1128 718 κράτει
1165 626 1492 708 ὡσαύτως
1529 629 1939 718 συμβήσεται
1974 625 2065 708 ὥς
2101 714 2109 720 .

136 734 211 819 τῇ
250 732 571 820 εἰρημένῃ
610 734 1001 819 περιστερᾷ,
1039 733 1154 799 καὶ
1192 747 1336 810 τοῖς
1371 732 1672 818 κέντροις
1708 734 1827 817 τῆς
1863 759 2060 819 μετα-
2092 775 2139 812 p.
2167 752 2217 794 61

138 840 392 920 μελειάς
451 834 757 918 χαλεπῶς
816 837 935 921 ἔσῃ
989 833 1438 920 νυττόμενος,
1492 830 1643 900 ἀλλ’
1703 831 1909 902 οὐδέν
1963 856 2115 904 σοι5

141 932 369 1021 ὄφελος
408 940 607 1002 ἔσται.
672 934 788 1001 καὶ
824 931 1030 1022 ἄλλης
1066 937 1149 1004 δέ
1176 963 1311 1024 μου
1340 933 1706 1022 διηγήσεως
1743 932 2064 1021 ἄκουσον,

145 1027 191 1103 ὦ
222 1039 533 1125 βασιλεῦ,
573 1037 729 1124 περὶ
766 1037 904 1103 τῶν
951 1043 1359 1122 γυναικείων
1397 1055 1501 1104 σοι
1548 1037 1884 1125 δηλοῦσης
1933 1063 2067 1106 πα-

141 1142 485 1227 νουργιῶν.
520 1136 720 1225 Ἀνήρ
748 1164 846 1216 τις
873 1128 959 1224 ἦν
987 1137 1362 1227 γεωργικὴν
1397 1135 1641 1227 μετιών
1681 1138 2062 1227 ἐπιστήμην.

146 1230 331 1319 οὗτος
366 1232 495 1309 οῦν
537 1243 611 1308 ἐν
647 1243 763 1328 μιᾷ
806 1241 1133 1328 ἐξέρχεται
1170 1248 1267 1320 εἰς
1302 1239 1425 1308 τὸν
1453 1237 1668 1326 ἀγρὸν
1697 1239 1912 1309 αὐτοῦ
1942 1245 2063 1308 τοῦ

147 1358 572 1430 κατασπεῖραι
620 1334 856 1411 αὐτόν.
924 1343 1079 1431 περὶ
1116 1342 1194 1411 δέ
1230 1369 1307 1427 γε
1355 1341 1477 1429 τὴν
1514 1339 1700 1431 ὥραν
1744 1346 1868 1410 τοῦ
1907 1340 2064 1431 0296-
2096 1375 2147 1414 ιο

148 1463 294 1525 στου
330 1441 370 1532 ἡ
406 1448 532 1512 τοῦ
572 1447 878 1533 γεωργοῦ
910 1444 1200 1530 σύζυγος
1237 1441 1375 1521 ὄψα
1399 1441 1763 1532 ἡτοίμασεν
1791 1441 2068 1534 ὄρνιθός

147 1570 207 1612 τε
239 1548 348 1614 καὶ
381 1545 791 1634 μελιπήκτου
833 1546 1211 1631 ἐδέσματος.
1269 1542 1312 1613 ἃ
1349 1545 1433 1631 δὴ
1472 1551 1753 1635 σπυρίδι
1791 1550 2068 1634 ἐνθεῖσα
2099 1618 2102 1620 ,

150 1647 302 1732 πρὸς
335 1647 451 1716 τὸν
478 1645 698 1737 ἄνδρα
730 1647 996 1734 ἐκόμιζε.
1055 1649 1313 1737 συνέβη
1339 1646 1415 1717 δὲ
1443 1649 1908 1736 πορευομένην
1936 1647 2068 1717 αῦ--

151 1746 260 1831 τὴν
306 1748 412 1817 διοῖ
457 1775 642 1829 τινος
688 1749 1158 1837 καταλῦματος
1209 1755 1526 1819 διελθεῖν.
1604 1752 1948 1819 ἐλθοῦσαν
1993 1749 2068 1818 δὲ

151 1847 485 1919 dommim
521 1851 739 1920 ποθέν
775 1878 950 1930 τινες
982 1848 1468 1941 ἐξορμήσαντες
1494 1853 1820 1937 κατέσχον
1848 1849 2066 1937 αὐτὴν
2095 1880 2145 1920 15

151 1951 251 2020 καὶ
287 1955 359 2021 ἐν
408 1956 647 2045 ἐκείνω
698 1951 1174 2041 εἰσαγαγόντες
1219 1956 1315 2043 τῷ
1366 1952 1785 2040 καταλύματι
1831 1959 2067 2041 βιαίως

155 2051 312 2143 αὐτῇ
351 2058 833 2142 συνεγένοντο,
884 2057 999 2123 καὶ
1036 2051 1078 2122 ἃ
1114 2056 1476 2142 διεκόμιζεν
1524 2052 1660 2136 ὄψα
1696 2054 2067 2140 κατήδοντο

156 2153 549 2245 ἀφελόμενοι.
616 2156 857 2245 μικρὸν
894 2159 976 2225 δέ
1003 2184 1066 2224 τι
1098 2160 1221 2225 τοῦ
1260 2156 1666 2245 μελιπήκτου
1709 2159 2067 2245 ἐδέσματος

155 2253 417 2348 ὕστερον
452 2259 971 2346 καταλιπόντες,
1010 2260 1124 2327 καὶ
1163 2267 1262 2338 εἰς
1307 2259 1663 2347 μόρφωσιν
1702 2260 2068 2347 ἐλέφαντος

156 2363 322 2429 τουτὶ
366 2361 440 2428 τὸ
491 2359 946 2446 καταλειφθὲν
1000 2360 1600 2445 ἐπισκευάσαντες,
1651 2365 1732 2449 τῇ
1789 2366 2069 2449 σπυρίδι
2095 2392 2149 2430 20

161 2461 568 2548 ἐναπέθεντο,
604 2463 816 2550 μηδέν
852 2490 914 2529 τι
949 2464 1103 2552 περὶ
1141 2468 1345 2531 τοῦδε
1380 2468 1645 2542 εἰδυίας
1671 2467 1789 2550 τῆς
1826 2489 2064 2548 γυναι-

158 2560 288 2649 κός,
320 2564 594 2650 καὶιτὴν
631 2569 934 2654 σπυρίδα
960 2565 1459 2645 κατεκάλυψαν.
1516 2562 1558 2649 ἦ
1587 2563 1663 2633 δὲ
1689 2563 1865 2651 γυνὴ
1895 2563 2069 2632 ταῦ-

160 2687 262 2749 την
293 2664 658 2754 ἀνελομένη
686 2667 1201 2754 κεκαλυμμένην
1230 2657 1446 2734 οὖσαν
1476 2664 1568 2744 ὥς
1595 2665 1927 2754 πρότερον
1953 2666 2069 2734 καὶ
2164 2669 2170 2674 ’

165 2760 484 2849 ἀγνοοῦσα
521 2765 614 2847 ὥς
649 2766 731 2836 τὰ
773 2770 850 2837 ἐν
885 2765 1063 2856 αὐτῇ
1100 2766 1261 2857 παρ’
1298 2770 1579 2836 ἐκείνων
1607 2765 1743 2847 ὄψα
1773 2764 2069 2856 ἐβρώθη,

264 2931 285 2978 1
310 2923 647 2997 διαχειρήση
752 2934 783 2981 2
809 2948 891 2982 u:
918 2923 1023 2982 to?
1128 2923 1333 2997 μήπωῗ
1362 2934 1475 2994 141,
1498 2933 1561 2982 16
1668 2923 1894 2990 εἰδότος
1922 2931 2070 2982 cod.=

160 2996 240 3044 secl
267 3004 354 3048 tum
389 2999 606 3050 debebat
628 3000 734 3049 dice·
758 2991 983 3058 εἰδότος
1008 3012 1113 3050 σου
1137 2996 1269 3061 περὶ
1298 2992 1540 3051 ἐκείνου.
1586 3002 1776 3051 leuiore
1799 3000 2073 3049 mutatione

160 3067 320 3141 {wip-32⁹
353 3060 519 3126 εἰδώς
649 3069 680 3116 6
716 3057 936 3133 ὄφελος
1061 3069 1093 3117 9
1132 3059 1194 3118 ἐν
1217 3065 1325 3132 μιᾷ
1361 3069 1490 3118 idem
1528 3077 1607 3119 ese
1644 3070 1782 3134 quod
1813 3065 1919 3133 μιᾷ
1959 3065 2072 3117 τῶν

95 3189 102 3202 ,
163 3131 359 3196 ημερῶν
380 3134 424 3184 Ρ
533 3136 596 3185 14
634 3126 762 3200 διὰ]
795 3127 910 3185 ἀπὸ
938 3134 982 3183 Ρ
1087 3127 1380 3185 ἐλθοῦσαν
1415 3137 1561 3189 ooth:
1599 3127 1885 3200 ἐλθούσης
1910 3137 2072 3184 malim

165 3210 384 3261 reponere
423 3218 571 3268 quam
606 3193 882 3254 ἐλθοῦσα.
951 3204 1048 3253 sed
1080 3202 1124 3251 P
1171 3199 1293 3265 (καὶ
1344 3194 1419 3261 ὥς
1457 3198 1619 3254 εἶδον
1666 3196 1774 3269 τὴν
1819 3205 2072 3267 γυναῖκα

166 3252 450 3333 ἐκράτησαν
488 3260 699 3336 αὐτήν)
737 3286 797 3321 eo
835 3272 975 3321 ducit
1009 3278 1064 3319 ut
1099 3272 1150 3319 in
1188 3271 1319 3321 libro
1344 3272 1626 3336 archetypo
1652 3272 1877 3321 additum
1907 3269 2074 3332 fuisse

165 3336 440 3396 mespieemur
476 3329 734 3396 ἰδόντεςε
772 3330 1065 3389 ἐλθοῦσαν
1105 3331 1169 3387 δὲ
1194 3329 1244 3387 ὁ.
1281 3331 1528 3399 ἰδόντες,
1568 3330 1646 3401 ἐξ.
1681 3355 1731 3387 κ.
1758 3354 1813 3388 α.
1854 3344 2074 3387 ceterum

165 3408 451 3466 praepositio
481 3397 592 3457 ,διά
627 3409 699 3456 ad
733 3398 1021 3472 ἐλθούσης
1057 3409 1327 3469 suppletur
1361 3413 1416 3457 ut
1451 3407 1532 3464 87,
1560 3409 1592 3457 8
1804 3406 1863 3455 17
1900 3396 2073 3466 κατή-

172 3461 315 3520 δοντο
346 3475 513 3537 utique
547 3475 823 3538 scriptoris
858 3482 935 3523 est
1078 3475 1139 3522 19
1176 3463 1418 3537 ῦστερον
1450 3481 1573 3537 post
1606 3469 1845 3532 σπυρίδι
1880 3486 2074 3536 ponen-

172 3533 267 3585 ἆται
304 3541 368 3601 es.
405 3544 485 3601 7—1,
525 3543 588 3605 ὃς
635 3544 701 3592 24
747 3532 872 3605 ὄψα
915 3544 993 3590 sie
1031 3543 1347 3592 conlocatum
1384 3557 1446 3591 ne
1485 3549 1533 3591 te
1568 3542 1798 3603 offenda!
2005 3539 2071 3587 22

176 3589 590 3673 ἔναπεκοὶλυψαν
