2563 4087
1024 266 1172 316 vm.
1987 265 2071 330 85

160 410 319 476 ναικὶ
364 403 406 494 ἢ
450 410 535 495 τῇ
589 409 894 495 ἐρωμένῃ
952 409 1211 475 ἕλκεται
1260 406 1431 493 πρὸς
1480 406 1601 475 τὸν
1648 406 1904 476 σκοπὸν
1951 411 2069 494 τῆς

162 509 456 595 γυναικὸς
491 512 608 578 καὶ
643 509 720 576 τὸ
756 510 1053 596 θέλημα·
1106 508 1215 576 διὰ
1251 511 1456 577 τοῦτο
1492 510 1605 578 καὶ
1641 511 1775 578 νῦν
1811 508 1852 594 ἡ
1891 510 2070 595 γυνή

167 615 320 679 ἐστιν
349 609 434 699 [ἡ]
465 617 654 680 αἰτία
681 614 803 678 τοῦ
836 611 1093 697 φόνου·
1125 613 1396 691 ψευδῶς
1430 610 1565 701 γὰρ
1595 614 2069 734 κατηγοροῦσα

165 715 267 780 τοῦ
300 713 531 791 παιδός
551 766 571 800 ,
609 739 700 791 ως
726 712 821 799 μὴ
847 711 1059 799 αὐτῆς
1084 709 1543 797 ἀκούσαντος,
1571 720 1918 801 παρεκίνει
1941 712 2063 780 τὸν
2082 751 2125 789 p.
2130 741 2205 780 107
2223 739 2273 781 Β.

168 817 410 901 βασιλέα
456 813 632 901 πρὸς
682 813 901 902 φόνον
952 812 1062 881 διὰ
1111 812 1186 880 τὸ
1235 811 1513 899 ἀγαπᾶν
1553 812 1770 901 αὐτὴν
1807 817 1921 882 καὶ
1958 812 2067 883 διά
2098 841 2124 881 5

168 916 228 983 τὸ
260 916 343 1003 μὴ
375 916 640 1000 φθάσαι
672 916 795 983 τὸν
829 915 991 984 υἱὸν
1027 930 1394 1001 συντυχεῖν
1441 917 1536 1005 τῷ
1575 917 1783 1005 πατρὶ
1818 917 1933 984 καὶ
1970 923 2072 984 εί-

168 1033 297 1085 πεῖν
343 1018 463 1105 τὴν
512 1021 632 1104 τῆς
684 1016 1009 1102 γυναικὸς
1060 1014 1550 1102 ἀναισχυντίαν
1611 1019 1727 1085 καὶ
1786 1015 2069 1086 τᾶλλα.“

168 1119 291 1188 τότε
335 1117 369 1187 ὁ
417 1121 734 1206 τέταρτος
787 1117 1013 1187 ἐλθών
1065 1123 1162 1197 είς
1210 1117 1287 1185 τὸ
1337 1118 1585 1205 μέσον,
1639 1124 1799 1206 ἔφη·
1864 1118 2068 1206 ,,ου’δ’

174 1218 359 1300 οὕτως
394 1249 505 1308 μοι
541 1225 733 1289 δοκεῖ
768 1225 939 1304 ἔχειν
978 1218 1067 1299 ὥς
1104 1221 1364 1306 λέγετε·
1415 1217 1579 1288 οὐδὲ
1624 1219 1756 1308 γὰρ
1802 1219 1843 1304 ἡ
1893 1220 2073 1306 γυνὴ

168 1329 325 1391 αἰτία
361 1324 663 1409 ἐγένετο,
715 1322 860 1390 ἐπεὶ
897 1321 1228 1407 συνήθειά
1266 1325 1448 1390 ἐστιν
1485 1319 1577 1401 ὥς
1618 1323 1728 1389 ἐπὶ
1762 1321 1839 1388 τὸ
1878 1329 2067 1389 πλεῖ·
2102 1348 2152 1387 ιο

171 1443 300 1491 στον
332 1432 669 1493 κινεῖσθαι
701 1424 822 1503 τὰς
859 1437 1192 1510 γυναῖκας
1239 1425 1355 1491 καὶ
1405 1420 1867 1510 κομπόνεσθαι
1903 1421 2075 1490 ὁπό-

168 1551 270 1592 ταν
303 1532 491 1595 ἴδωσι
524 1532 887 1594 νεανίσκον
924 1524 1263 1612 εὐπρεπῆ·
1313 1521 1355 1612 ἡ
1405 1524 1537 1612 γὰρ
1589 1522 1913 1613 ὦραιότης
1949 1529 2075 1591 τοῦ

170 1628 302 1695 νέου
338 1627 609 1717 ἀγρεύει
644 1626 769 1714 τὴν
815 1625 1027 1710 φύσιν
1074 1629 1215 1694 τῶν
1250 1629 1600 1711 γυναικῶν
1649 1624 1741 1706 ὣς
1787 1625 2074 1695 ἀσθενε-

174 1730 413 1815 στέραν·
455 1730 573 1797 καὶ
608 1728 896 1815 μάλιστα
930 1736 1190 1814 γίνεται
1215 1732 1447 1814 τοῦτο,
1476 1724 1644 1796 ὅταν
1677 1729 1974 1814 τύχωσιν
2012 1731 2081 1794 οἷ
2151 1752 2157 1758 ·

170 1829 275 1897 δύο
300 1830 497 1917 μόνοι
533 1837 799 1898 λαλεῖν·
853 1829 1005 1897 τότε
1053 1827 1183 1915 γάρ
1221 1830 1431 1897 πλέον
1470 1832 1544 1897 ἐν
1577 1828 1866 1918 μοναξίᾳ
1902 1856 2074 1914 γαρ-
2104 1853 2154 1892 15

168 1939 470 2015 γαλίζεται
504 1929 547 2017 ἡ
584 1929 760 2017 γυνὴ
799 1931 970 2019 πρὸς
1008 1939 1387 1999 συνουσίαν
1422 1930 1533 1998 καὶ
1567 1945 1926 2018 παρακινεῖ
1957 1930 2077 1997 τὸν

166 2033 300 2101 νέον
345 2041 440 2115 εἰς
481 2032 903 2121 ἐκπλήρωσιν
951 2034 1070 2118 τῆς
1122 2034 1490 2121 ἐπιθυμίας
1527 2031 1756 2119 αὐτῆς.
1838 2030 2077 2099 λοιπὸν

166 2134 259 2202 καὶ
291 2135 330 2222 ἡ
366 2133 631 2225 πονηροὶ
669 2133 841 2222 αὕτη
892 2134 1070 2221 γυνὴ
1118 2134 1398 2222 τοιαύτῃ
1448 2133 1682 2221 ἀγάπῃ
1739 2131 2075 2221 ἐκρατήθη

167 2238 244 2326 τῷ
278 2238 502 2306 κάλλει
540 2238 663 2305 τοῦ
714 2236 896 2305 νέου.
974 2237 1117 2305 ἐπεὶ
1172 2235 1247 2303 δὲ
1295 2233 1423 2303 οὐκ
1458 2233 1748 2322 ἤκουσεν
1784 2233 2004 2323 αὐτὴν
2040 2232 2076 2303 ὁ

165 2340 266 2406 τοῦ
300 2340 627 2426 βασιλέως
665 2338 846 2425 υἱός,
876 2337 1048 2405 ἀλλὰ
1080 2339 1341 2424 μᾶλλον
1378 2333 1595 2425 ἐφάνη
1625 2336 1844 2425 αὐτὴν
1880 2335 2073 2405 ἀπει-
2102 2362 2153 2399 20

166 2441 285 2506 λῶν
340 2442 454 2509 καὶ
530 2447 907 2527 φοβερίζων
981 2440 1504 2527 περισσοτέρως,
1580 2440 1888 2527 ἐφοβεῖτο
1961 2440 2076 2505 καὶ

167 2545 412 2628 ἕτρεμεν
449 2538 668 2609 αὐτὸν
703 2538 744 2627 ἡ
779 2540 960 2627 γυνή
980 2593 998 2626 ‚
1032 2541 1147 2610 καὶ
1178 2541 1588 2622 ἐσπούδαζεν
1628 2540 2080 2627 ἐλευθερῶσαι

166 2639 357 2729 αὐτὴν
382 2645 494 2711 καὶ
529 2642 824 2730 φυλάξαι
850 2641 985 2710 ἀπὸ
1015 2641 1236 2729 φόβον
1262 2641 1377 2709 καὶ
1396 2644 1729 2709 κίνδυνον
1758 2637 1838 2708 ὃν
1858 2661 2066 2729 προσ·
2093 2667 2218 2714 p.108
2230 2665 2284 2706 B.

168 2824 197 2902 ἢ
229 2840 315 2888 sed
345 2842 516 2904 perqic
552 2835 652 2890 καὶ
687 2837 904 2919 μᾶλλον
937 2836 1007 2905 τῇ
1038 2835 1386 2920 ποθουμένη
1492 2841 1522 2887 3
1563 2829 1593 2901 ἡ
1632 2840 1843 2895 seclusi,-
1888 2838 1956 2900 cf.
2000 2841 2081 2888 10.

166 2902 236 2964 86,
269 2906 299 2955 8
502 2908 536 2956 4
571 2924 655 2956 ιιιι.
695 2898 768 2965 ὥς
806 2898 883 2973 μή
923 2921 978 2956 οι.
1017 2898 1373 2963 ἀκούσαντος
1405 2905 1564 2968 facile
1600 2922 1904 2966 careremus,
1937 2910 2084 2984 pmii-

173 2972 308 3037 litque
342 2976 413 3024 M.
453 2981 608 3055 atque
643 2977 802 3039 mayis
839 2978 987 3023 etiam
1024 2975 1292 3039 offendunt
1315 2989 1444 3038 quae
1479 2976 1596 3023 inde
1633 2990 1665 3023 a
1702 2969 1801 3023 διά
1828 2967 1889 3025 τό
1917 2964 1972 3024 ἀ.
2005 2971 2080 3037 (5)

171 3053 303 3105 usque
324 3045 395 3091 ad
416 3033 600 3092 τᾶλλα
627 3038 703 3106 (7)
729 3044 782 3091 in
814 3043 911 3091 hac
933 3043 1229 3092 recensione
1254 3044 1505 3105 Ieyuntur,
1530 3041 1596 3092 ab
1622 3045 1790 3091 altera
1817 3044 1873 3093 M
1899 3049 1950 3092 et
1973 3059 2005 3090 a
2029 3042 2080 3090 D

172 3105 327 3180 abjuret
496 3113 528 3160 9
567 3105 795 3174 λέγεται
829 3110 877 3159 Α
919 3107 1143 3174 εἴρηται
1178 3109 1252 3159 Μ.
1299 3111 1505 3159 uidetur
1547 3110 1642 3158 Ιιοο
1676 3111 1897 3159 suadere
1932 3110 2082 3158 etiam

172 3162 310 3226 οὖδέ.
362 3179 457 3226 sed
498 3177 568 3238 cf.
616 3178 708 3240 88,
748 3178 779 3227 5
825 3183 875 3225 et
918 3178 966 3226 D
1195 3177 1254 3225 11
1303 3171 1708 3240 πομπόν-εσθαι
1753 3180 1836 3226 uel
1877 3167 2084 3253 κομβό-

174 3241 357 3294 venitm
399 3245 684 3324 prurigine
731 3244 987 3294 laborare
1029 3245 1409 3308 interpretatur
1442 3244 1814 3306 Boissonatl—e,
1861 3262 1908 3294 ιι.
1948 3236 2081 3307 κόμ-

176 3303 256 3369 βος
287 3312 317 3361 ι’.
342 3328 384 3361 e.
418 3308 657 3377 περόν,
697 3314 760 3361 de
798 3308 865 3378 τῇ
890 3309 1205 3388 κλιτορίδει
1240 3312 1567 3377 intelle93n3,·
1600 3314 1697 3361 sed
1729 3328 1835 3360 cum
1871 3304 2082 3375 κόμβος

174 3378 300 3424 etiam
331 3381 577 3443 siqnifieet
635 3393 888 3443 aqueum
928 3370 1189 3444 κομβόνω
1214 3378 1437 3442 fallere,
1472 3382 1548 3429 ita
1580 3380 1877 3441 capiendum
1910 3381 2083 3441 potius

179 3444 352 3493 addetur·
383 3456 436 3497 ιιι
470 3450 539 3496 sit
573 3446 789 3527 laqueis
827 3447 987 3510 quasi
1023 3447 1235 3495 irretire
1397 3418 1459 3498 14
1492 3437 1737 3522 τύχωσιν
1775 3445 1973 3495 λαλεῖν
2009 3446 2080 3507 ef.

180 3508 244 3562 ⁷3·
275 3512 302 3560 2
442 3517 507 3566 23
546 3505 734 3594 αυτὴν
768 3516 986 3579 scripsi:
1034 3504 1221 3579 αυτὴν
1257 3513 1403 3565 ABV
1441 3506 1656 3578 ἑαυτὴν
1691 3514 1746 3561 Μ
1885 3505 2083 3577 φόβων

179 3574 259 3627 καὶ
293 3578 575 3633 κινδύνων
610 3568 692 3632 ὧν
727 3597 982 3646 reponere
1017 3589 1073 3630 ut
1103 3582 1260 3643 facile
1296 3584 1372 3630 ita
1407 3599 1505 3631 non
1543 3581 1880 3630 necessarium
1919 3587 1998 3629 est
