2563 4087
1029 279 1281 344 Aesopus
1318 280 1346 329 Ι
2037 276 2166 342 245

218 443 581 526 ραγγείλας
633 439 729 504 τῶ
786 436 1094 527 Αίσῶπῳ
1155 438 1382 523 μένειν
1444 434 1575 525 πρὸ
1630 439 1754 504 τοῦ
1818 437 2163 524 πυλῶνος,

218 537 450 626 ἐπειδὴ
488 538 857 627 καθάρειον
891 564 972 606 ον
1008 536 1198 629 αὐτῷ
1235 539 1312 606 τὸ
1350 536 1640 624 γύναιον
1680 535 1832 626 ᾔδει
1884 539 1997 605 καὶ
2036 536 2165 606 οὐκ

217 643 419 729 ἐχρῆν
459 638 778 727 ἐξαπίνης
807 645 1119 709 τοιοῦτον
1146 637 1380 727 αἶσχος
1418 637 1596 728 αὐτῇ
1637 643 1959 729 φανῆναι,
1996 646 2162 728 πρίν

210 768 363 810 τινα
396 742 514 810 καὶ
552 740 721 829 πρὸς
758 738 975 829 αὐτὴν
1002 740 1405 831 ἀστείσηται.
1471 740 1680 821 αὐτὸς
1717 740 1781 810 δ’
1825 742 2159 811 εἰσελθών

213 846 418 931 λέγει·
478 851 759 932 ,,κυρία,
796 841 1027 913 οὐκέτι
1060 870 1142 931 με
1180 842 1601 913 τούντεῦθεν
1650 841 2003 922 ὀνειδίσεις
2041 846 2162 928 τῆς
2189 871 2215 911 5

211 952 610 1032 θεραπείας,
636 936 716 1031 ῆς
746 945 915 1033 πρὸς
942 948 1082 1013 τῶν
1107 950 1619 1033 θεραπαινίδων
1644 949 1785 1013 τῶν
1814 947 1959 1013 σῶν
1985 943 2163 1013 ἀπο-

214 1047 423 1116 λαύω.
489 1044 616 1134 ἤδη
653 1046 785 1135 γὰρ
821 1046 1008 1134 κάγώ
1044 1047 1259 1116 παῖδά
1297 1043 1403 1115 σοι
1441 1045 1799 1136 ἐπριάμην,
1839 1049 1913 1114 ἐν
1953 1037 2006 1138 ᾧ
2045 1047 2162 1115 καὶ

213 1146 364 1227 ὄψει
409 1148 683 1237 κάλλος,
730 1144 880 1217 οἷον
927 1147 1119 1217 οὔπω
1169 1148 1514 1218 τεθέασαι·
1567 1144 1641 1227 ὃς
1690 1149 1805 1216 καὶ
1854 1145 1981 1235 ῆδη
2030 1147 2161 1236 πρὸ

213 1253 335 1319 τοῦ
369 1254 695 1329 πυλῶνος,
719 1243 1019 1339 gamus&
1076 1249 1392 1330 κάκεῖνος
1427 1250 1554 1339 μὲν
1589 1253 1838 1317 ταῦτα·
1878 1253 1957 1317 αἰ
1980 1249 2064 1318 δέ
2084 1276 2177 1334 γε·

211 1352 693 1441 θεραπαινίδες
749 1350 971 1440 ἀληθῆ
1023 1359 1387 1440 νομίσασαι
1440 1352 1523 1420 τὰ
1579 1353 1933 1438 λεχθέντα,
1988 1349 2157 1439 πρὸς
2189 1383 2238 1419 ιο

213 1452 510 1545 ἀλλήλας
559 1451 687 1521 οὐκ
733 1451 1038 1540 ἀγεννῶς
1085 1453 1563 1543 ἠμφισβήτουν
1617 1454 1772 1541 περὶ
1836 1454 1961 1521 τοῦ
2026 1459 2162 1521 τίνι

214 1556 480 1624 τούτων
542 1563 843 1642 νυμφίος
905 1554 940 1622 ὁ
1004 1555 1339 1644 νεώνητος
1406 1563 1604 1625 ἔσται.
1712 1559 1834 1641 τῆς
1896 1553 1972 1623 δὲ
2033 1557 2164 1621 τοῦ

216 1657 499 1736 Ξάνθου
548 1655 874 1743 γυναικὸς
923 1667 1085 1726 εἴσω
1128 1663 1466 1745 κληθῆναι
1509 1658 1633 1725 τὸν
1667 1657 2010 1745 νεῶνητον
2047 1670 2164 1724 κε-

213 1758 574 1846 λευσάσης,
620 1764 741 1846 μία
788 1764 928 1826 τῶν
976 1757 1203 1828 ἄλλων
1250 1761 1512 1847 μᾶλλον
1560 1757 1858 1848 ὀργῶσα,
1909 1761 2023 1827 καὶ
2078 1756 2168 1837 ῶς

215 1860 582 1950 ἀρραβῶνα
630 1860 756 1946 τὴν
791 1862 1026 1948 κλῆσιν
1063 1859 1450 1949 ἁρπάσασα,
1499 1859 1620 1929 τὸν
1667 1860 2011 1948 νεῶνητον
2051 1862 2165 1928 ε’κ-
2192 1886 2243 1926 15

215 1964 572 2051 δραμοῦσα
637 1962 874 2043 ἐκάλει.
973 1961 1299 2031 κάκείνου
1363 1964 1674 2051 φαμένου
1741 1962 1957 2050 „coefi
2032 1961 2165 2047 έγῶ

214 2061 564 2154 πάρειμιίς,
619 2068 1029 2151 ἐκπλαγεῖσα
1093 2063 1281 2156 ,,συ”ί
1342 2071 1555 2153 φησίν
1611 2090 1718 2152 ,ει
1697 2061 1810 2147 ,“
1878 2064 1993 2131 καὶ
2057 2060 2164 2142 ὅς·

352 2282 380 2329 1
417 2277 697 2360 ποιλῶνος
735 2280 779 2329 Ρ
917 2282 948 2329 2
951 2269 1279 2359 καθάριον
1318 2281 1363 2328 F
1391 2281 1440 2329 K
1466 2279 1507 2328 Z
1531 2295 1566 2326 v
1719 2271 1874 2330 αυτῶ
1909 2286 2027 2342 pose
2063 2270 2162 2343 γύ-

216 2363 384 2397 ναιον
422 2347 496 2410 Q;
534 2338 690 2425 αὑτῶ
729 2363 764 2396 v
933 2337 1054 2412 ἤδη
1095 2349 1137 2396 Ε
1177 2345 1294 2398 εἶ’δι
1333 2348 1376 2397 P
1551 2350 1582 2399 3
1621 2340 1855 2428 alogqog
1892 2347 1932 2395 Z
1966 2350 1985 2395 1
2026 2362 2165 2402 corr,

217 2431 285 2465 m.
322 2431 429 2496 rep.
534 2398 707 2479 αὐτῆ]
748 2407 915 2466 αὐτῶ
939 2415 986 2464 R
1097 2418 1131 2465 4
1168 2406 1379 2467 ἑαυτὸν
1417 2415 1467 2465 D
1506 2418 1557 2465 in
1593 2431 1773 2466 αυτον
1811 2417 2019 2465 mutauit
2059 2413 2109 2463 D
2136 2418 2166 2462 2

352 2473 673 2549 άστήσηται
719 2482 763 2531 Ρ
872 2520 887 2547 ,
927 2475 1101 2540 αυτὸς
1149 2484 1194 2547 Q
1338 2476 1425 2548 δ’]
1474 2477 1539 2534 δὲ
1578 2482 1642 2545 R,
1678 2500 1774 2533 om.
1815 2485 1860 2546 Q
1991 2483 2021 2531 5
2060 2472 2167 2531 οὐκ

216 2545 300 2600 ἔτι
338 2551 391 2601 Η
425 2557 482 2599 ut
516 2565 674 2613 saepe
829 2542 1006 2602 τοέντ.
1046 2550 1096 2598 V
1134 2566 1317 2602 τοεντ.
1356 2550 1414 2599 Μ
1437 2548 1501 2612 Α,
1539 2550 1584 2612 Q
1624 2549 1742 2613 (sed
1773 2566 1836 2600 το
1875 2552 1927 2599 in
1963 2564 2071 2602 r.as
2113 2555 2166 2598 ec

216 2621 268 2666 in
305 2632 331 2668 ε
366 2619 584 2682 spiritus
618 2616 827 2696 erasus)
885 2634 949 2668 το
999 2634 1114 2696 ⁸113.
1153 2617 1203 2667 D
1261 2610 1326 2668 τὸ
1364 2611 1478 2670 ἔντ.
1526 2617 1574 2666 R.
1608 2619 1649 2667 Ρ
1707 2609 1971 2683 μετοῦντ.
2011 2632 2045 2666 v
2094 2632 2167 2680 με

217 2699 408 2735 τουντ.
448 2684 504 2734 Η
610 2675 937 2769 ὅνειδίσης
968 2686 1018 2734 D
1057 2676 1337 2744 ὁνειδιεῖς
1375 2687 1420 2735 F
1446 2686 1497 2735 K
1521 2684 1561 2733 Z
1588 2701 1622 2734 v
1764 2688 1795 2735 6
1827 2692 1949 2750 post
1984 2683 2166 2748 θερα-

215 2753 389 2811 πείας
433 2770 515 2801 ιιιι.
565 2746 824 2818 αἶσχος..
845 2747 972 2803 .κάι
1017 2745 1163 2816 πρὸς
1211 2753 1377 2817 (3.4)
1422 2756 1603 2804 iterum
1654 2756 1857 2819 scripta
1902 2759 1953 2803 et
1997 2754 2168 2802 deleta

216 2870 476 2921 euntinA
569 2868 680 2921 τῶν
706 2879 825 2920 ante
845 2871 1056 2936 θεραπ.
1086 2888 1178 2922 οηι.
1201 2871 1248 2919 A
1343 2872 1453 2935 θερ
1459 2870 1754 2923 απενίδων
1779 2871 1923 2936 QH.
1947 2843 2091 2923 Ηαῗ.
2121 2870 2168 2919 Ε

353 2928 665 2988 ἀπολαύσω
699 2939 745 2988 Ε
825 2964 828 2967 ’
893 2941 921 2989 7
959 2937 1264 3018 παῖδαςΡ
1420 2942 1465 2993 7.
1504 2942 1536 2990 8
1572 2929 1708 3004 ῆδει
1747 2941 1789 2989 Ρ
1945 2941 1977 2990 8
2016 2955 2169 2991 ουτω

216 3005 273 3082 Ζ,
311 3018 451 3058 corr.
489 3021 557 3060 m.
594 3021 714 3063 rec..
751 3008 803 3055 in
841 3007 887 3069 Q
937 3021 1096 3057 ουπω
1128 3007 1321 3067 factum
1357 3023 1428 3057 ex
1465 3023 1627 3058 ovum
1663 3024 1730 3060 m
1771 3024 1870 3073 pr„
1918 3023 2080 3059 ovum
2117 3006 2168 3054 D

218 3066 378 3124 ὀυπω
414 3061 462 3122 A
621 3075 653 3124 9
692 3068 929 3138 εστηκεν
965 3073 1025 3122 Μ
1062 3069 1261 3139 ἔστηκε
1303 3073 1350 3123 Φ
1374 3075 1427 3139 b,
1467 3078 1519 3125 in
1555 3076 1600 3124 R
1638 3070 1683 3126 ἕ.
1730 3093 1867 3129 corr.
1905 3092 1976 3127 ex
2013 3070 2057 3128 ἕ.
2094 3090 2167 3130 m,

216 3157 297 3206 pr.
491 3143 555 3190 10
600 3139 993 3220 θεραπενίδες
1042 3142 1087 3205 Q
1114 3141 1234 3192 RA
1261 3144 1323 3204 Ε,
1369 3145 1423 3192 in
1458 3142 1508 3192 D
1534 3143 1581 3191 E
1624 3158 1667 3223 εΟ
1694 3145 1851 3195 rubro
1895 3160 2057 3224 supra
2106 3159 2168 3192 αι

213 3210 460 3273 scriptum
599 3199 827 3286 ἀληθεῖ
856 3209 903 3257 E
939 3217 994 3259 ut
1028 3212 1233 3259 uidetur
1267 3217 1503 3260 mutatum
1538 3213 1594 3260 in
1630 3210 1695 3288 ἦ
1815 3204 1958 3275 πρὸς
1996 3203 2169 3291 άλλή-

217 3276 317 3335 λας
355 3293 449 3327 om.
488 3276 540 3325 K
647 3280 707 3325 11
747 3267 964 3341 άγενῶς
1000 3277 1050 3327 V
1074 3277 1123 3326 R
1149 3278 1191 3326 Ε
1219 3278 1256 3328 J
1281 3278 1329 3326 F
1352 3278 1403 3327 K
1428 3278 1468 3326 Z
1493 3289 1527 3327 v
1576 3297 1591 3342 3
1629 3269 1992 3358 οὖγκαγενῶς
2022 3270 2096 3336 ὥς
2123 3278 2167 3326 Ρ

352 3334 786 3421 ἀμφισβήτουν
801 3344 848 3393 Ε
874 3345 929 3394 Η
1046 3347 1108 3398 12
1145 3336 1175 3396 ὁ
1214 3338 1467 3411 νύμφιος
1503 3347 1574 3412 Κ,
1612 3362 1865 3411 νυμφιος
1900 3345 1948 3394 Α
2067 3362 2169 3396 του

221 3410 343 3475 ξ.δ
309 3406 377 3463 δὲ
417 3407 520 3492 τῆς
558 3428 681 3488 γυν.
726 3404 831 3462 τὸν
856 3428 1020 3465 νεων.
1054 3410 1187 3463 εἴσω
1211 3413 1295 3467 κλ.
1325 3414 1440 3464 κελ.
1480 3413 1527 3463 Φ
1636 3416 1700 3464 14
1735 3413 1985 3498 μαλλον
1994 3429 2087 3463 om.
2115 3414 2164 3465 A

362 3483 419 3529 15
458 3471 731 3545 α’ραβῶνα
777 3479 827 3529 V
853 3480 901 3530 Φ
926 3481 972 3530 F
999 3481 1050 3529 K
1075 3480 1115 3528 Z
1139 3497 1200 3543 a,
1248 3496 1379 3546 pars
1425 3480 1541 3536 edd.
1702 3483 1764 3531 16
1811 3472 2121 3547 κάκείνη..

215 3539 525 3631 πρόσωπον
561 3548 677 3606 246,
704 3550 735 3596 4
772 3563 865 3602 om,
903 3547 969 3609 A,
1008 3551 1060 3598 in
1103 3565 1262 3613 mary.
1304 3549 1555 3609 inferiore
1590 3551 1781 3600 adiecit
1816 3565 1876 3598 m
1902 3544 2165 3613 1272:an

219 3610 396 3680 δεῦρο
437 3610 670 3666 εἴσελθε
704 3616 851 3678 infra
887 3632 1087 3666 erasum
1123 3623 1213 3666 est.
1355 3610 1618 3683 φαμένου
1652 3616 1699 3667 Ρ
1838 3613 1971 3668 ἰδοῦ
2005 3585 2050 3667 Ρ
