2563 4087
408 222 534 291 222
1231 238 1511 307 Excerpta
1577 242 1582 245 “

405 364 741 434 πράγματα·
779 366 787 430 Ι
820 371 1031 431 120,14
1054 357 1327 433 ἇπόκοψέ
1364 385 1429 421 το
1465 356 1580 420 ἀπὸ
1619 364 1681 421 τὸ
1718 363 1890 434 γάλα·
1924 368 1934 434 Ι
1968 373 2081 431 120,
2120 374 2181 421 22
2204 367 2352 435 ἔξω

405 443 440 518 ἢ
480 470 551 505 να
588 444 784 518 μαθη,
819 440 858 516 ἦ
895 467 970 502 να
1006 444 1224 518 ακούση
1263 442 1381 504 απὸ
1417 444 1488 503 τοὶ
1525 446 1676 505 κακὰ
1714 451 1923 506 τοῦτον
1960 453 2064 506 τοῦ
2099 472 2147 507 κ.
2172 453 2181 519 Ι
2225 459 2348 518 121,

406 542 438 589 3
474 533 633 589 θέλω
669 529 744 588 νᾶ
781 550 843 588 σε
878 528 1042 598 πάρω
1076 531 1229 601 μαζή
1246 550 1387 601 μου·
1417 534 1428 600 Ι
1462 539 1577 602 121,
1614 541 1649 588 4
1682 533 1802 597 πῶς
1839 554 1988 590 κατα
2025 532 2132 604 τὴν
2167 533 2350 603 συνή-

406 624 588 673 θειαν
622 614 697 672 νά
732 613 1131 686 προσκυνήσῃς
1164 614 1270 673 τὸν
1307 620 1359 687 β.
1394 619 1495 673 καὶ
1530 614 1604 673 ντὶ
1642 614 1746 674 τὸν
1780 622 2107 689 χαιρετίσης
2140 623 2352 683 καθῶς

404 705 497 770 π.Ι
537 708 652 767 121,
690 708 723 759 8
759 698 1087 767 ἐσπούδαζε
1112 703 1397 770 μᾶλλιστα
1453 702 1536 765 εἰς
1572 699 1671 757 τὸν
1720 697 1891 771 λόγον
1943 705 1951 771 Ι
1996 710 2111 770 121,
2150 710 2215 760 12
2272 702 2350 760 vu}

406 781 732 855 ἑγκομιάσω
760 788 772 853 Ι
803 791 917 853 121,
947 791 1012 839 14
1044 781 1120 839 να
1147 782 1371 854 ζητήσω
1396 789 1499 841 τοῦ
1521 782 1739 855 πατρός
1759 806 1876 854 μου
1906 789 1915 853 Ι
1949 792 2064 849 121,
2105 793 2167 843 18
2191 783 2348 857 ὑπῆ-

404 890 502 939 γεν
541 869 624 932 εἰς
659 866 724 924 τὸ
759 864 996 939 κρεβοίτι
1029 866 1180 925 ὀποῦ
1214 865 1525 938 ἔκοιμᾶτον
1560 867 1592 926 ὃ
1630 873 1680 939 β.
1712 872 1722 939 Ι
1753 877 1870 937 122,
1912 874 1937 927 l
1985 862 2064 927 ἂν
2095 873 2200 929 τὸν
2239 866 2348 925 οἷν-

406 948 660 1010 τισταθῶ
691 957 700 1022 Ι
733 961 850 1019 122,
875 961 908 1010 3
932 954 1031 1008 καὶ
1059 953 1132 1023 6.]
1174 953 1378 1011 ἔπεσεν
1415 955 1499 1018 εἰς
1534 953 1600 1010 τό
1637 949 1854 1023 στρόμα
1888 955 1992 1019 καὶ
2029 954 2210 1011 ἔδωκέ
2237 975 2348 1011 του

404 1034 631 1094 ἄδειαν.
666 1038 767 1093 καὶ
803 1034 833 1093 ὁ
871 1038 1000 1103 νέος
1035 1033 1303 1094 &aalma
1339 1039 1425 1102 εἰς
1459 1036 1531 1094 τοὶ
1569 1037 1621 1108 ὁ.
1658 1059 1707 1095 τ.
1743 1042 1813 1108 β.,
1847 1041 1950 1095 καὶ
1983 1036 2197 1109 ἐπῆρεν
2241 1040 2347 1096 ἕνα

403 1119 645 1193 ἀκριβόν
683 1121 910 1192 φόρεμα
946 1124 1046 1178 καὶ
1082 1119 1284 1192 ἐξέβη·
1338 1127 1440 1178 καὶ
1478 1119 1663 1187 siffis·
1698 1120 1764 1178 τὸ
1803 1119 2114 1192 ἐπούλησε·
2164 1127 2174 1193 Ι
2223 1128 2346 1189 m,

405 1216 466 1263 13
505 1208 605 1262 καὶ
640 1203 670 1261 ὁ
708 1207 840 1270 νέος
876 1204 1056 1262 ἔδωκέ
1094 1227 1196 1262 του
1247 1203 1661 1276 τάμνριστικοὶ
1719 1210 1852 1275 εἴδη
1888 1205 2087 1264 ἐκείνα
2117 1207 2196 1277 μὲ
2233 1210 2343 1276 τὴν

405 1290 658 1349 εὐωδίαν
694 1309 854 1354 τους·
909 1292 1010 1346 καὶ
1047 1284 1283 1360 ἄρχήζει
1337 1289 1411 1345 νά
1449 1292 1551 1347 τὸν
1605 1287 1931 1361 &quamnim
1983 1292 2086 1347 καὶ
2119 1289 2195 1347 νοὶ
2235 1293 2344 1349 τὸν
2543 1320 2546 1423 ⁴

402 1375 637 1445 ἐπαινῇ·
668 1378 679 1444 Ι
711 1382 827 1439 122,
859 1382 924 1429 22
953 1375 1074 1443 ,καὶ
1110 1371 1398 1443 οὐδεμίαν
1421 1378 1676 1442 κλεψίαν
1716 1375 1917 1444 ἔκαμε·
1950 1378 1959 1444 Ι
1994 1382 2110 1442 123,
2137 1383 2168 1431 2
2193 1376 2347 1444 ψεύ-

400 1482 500 1529 της
532 1463 540 1528 Ι
573 1466 689 1524 123,
727 1467 758 1513 2
793 1455 906 1514 ὅσα
939 1458 1234 1528 προλέγει,
1276 1455 1560 1528 φλυαρίαι
1596 1455 1925 1529 ἐφάνησαν·
1957 1462 1965 1528 Ι
2000 1466 2117 1526 123,
2155 1466 2189 1515 5
2227 1457 2346 1517 ἕκί-
2543 1458 2546 1537 Ι

401 1549 531 1611 ταζε
569 1540 633 1599 vd
669 1539 1161 1613 πρόσωπον..καὶ
1196 1541 1262 1598 τὸ
1300 1547 1479 1614 σχίμα
1509 1546 1519 1613 Ι
1556 1551 1670 1610 123,
1703 1551 1753 1599 6.
1793 1552 1855 1599 10
1899 1538 2076 1607 αὐτὸς
2105 1546 2117 1612 Ι
2150 1550 2274 1610 123,
2312 1551 2348 1600 8
2543 1546 2546 1585 ³

400 1627 614 1697 ἐπῆρεν
649 1626 847 1683 ἐκείνω
885 1625 948 1683 τὸ
988 1623 1229 1697 ἄκριβὸν
1267 1625 1494 1697 ἆοῦχον.
1524 1631 1538 1697 Ι
1567 1635 1776 1696 123,10
1810 1622 1988 1692 αὖτός
2025 1627 2180 1685 εἶναι
2217 1627 2251 1684 ὁ
2291 1651 2347 1685 κ.

399 1711 549 1769 ὀποῦ
588 1703 776 1782 ἦλθεν
813 1711 897 1775 εἰς
933 1709 997 1767 τὸ
1033 1709 1249 1768 παλάτι
1284 1732 1397 1782 μου
1433 1713 1534 1767 καὶ
1567 1712 1810 1781 faama!
1849 1719 1965 1778 123,
1993 1719 2054 1771 11
2093 1714 2194 1768 καὶ
2219 1708 2345 1769 ἀπὸ
2543 1652 2546 1763 Ι

400 1798 570 1853 τοῦτο
605 1798 854 1866 μᾶλιστα
889 1792 1182 1866 ἐπιστῶθη
1235 1793 1272 1868 ἦ
1311 1795 1632 1867 πρόγνωσις
1687 1800 1791 1852 τοῦ
1843 1791 2205 1866 ἀστρονόμον
2249 1791 2348 1853 ὅτι

401 1881 556 1937 εἶναι
592 1879 876 1951 ἄληθινῆ·
915 1882 1013 1936 καὶ
1037 1875 1145 1937 ὅσα
1184 1880 1366 1951 λέγει,
1408 1880 1561 1937 εἶναι
1593 1878 1769 1937 πιστοὶ
1795 1884 1894 1937 καὶ
1930 1880 2142 1950 βέβαια
2172 1883 2184 1948 Ι
2217 1890 2344 1950 123,

398 1973 461 2021 15
498 1965 670 2033 ,εἶναι
705 1965 925 2020 κοῖποια
961 1969 1247 2029 τελείωσις
1286 1964 1604 2035 χωρισμένη
1652 1958 1765 2021 ἆπο
1802 1968 1978 2021 θεοῦ·
2016 1960 2054 2035 ἦ
2092 1968 2201 2034 τῆς
2243 1961 2344 2024 εὖ·

396 2055 598 2121 τυχίας
639 2042 674 2119 ἢ
713 2053 815 2119 τῆς
851 2053 1178 2121 δυστιχίας·
1223 2053 1324 2106 καὶ
1359 2045 1452 2120 ὅχι
1489 2049 1922 2122 προτρεπομένη
1958 2048 2117 2119 παρὰ
2155 2054 2340 2107 θεοῦ·

400 2134 559 2204 (ἔνι,
598 2133 703 2205 οὐχ
739 2132 822 2203 ὁρ.
860 2138 958 2204 om)
1007 2138 1016 2204 Ι
1067 2142 1181 2202 124,
1219 2144 1251 2191 3
1289 2136 1511 2205 ἔμαθεν
1536 2130 1686 2191 ὀποῦ
1722 2127 1862 2204 ἦτον
1897 2136 2077 2190 παιδί
2103 2138 2113 2202 Ι
2147 2141 2268 2202 124,
2308 2142 2346 2191 8

398 2222 473 2288 μ.]
513 2218 761 2291 γέμοντα
798 2218 933 2288 ἔργα
976 2221 986 2288 Ι
1035 2226 1150 2287 124,
1190 2228 1251 2275 11
1288 2223 1408 2285 πῶς
1446 2214 1561 2288 ἆρα
1595 2222 1696 2276 καὶ
1734 2213 1851 2274 α’πό
1886 2226 2059 2275 ποῖον
2096 2216 2342 2289 τρόπον,

398 2302 468 2359 σὲ
507 2300 591 2361 ἐδ.
632 2299 662 2357 ὁ
702 2306 754 2357 δ.
793 2321 918 2358 σου
956 2323 1004 2360 σ.
1042 2300 1331 2373 τοσαύτην
1370 2318 1455 2374 φ.·
1506 2310 1516 2372 Ι
1565 2310 1681 2369 124,
1720 2310 1751 2358 9
1789 2299 1903 2358 ἄπό
1940 2304 2059 2372 om!
2107 2309 2229 2371 124,
2276 2312 2346 2359 18

396 2390 496 2444 καὶ
534 2386 735 2458 ἔχρησέ
774 2408 837 2443 το
872 2408 943 2457 με
980 2382 1265 2457 ἆσβέστην
1296 2392 1304 2457 Ι
1338 2395 1453 2457 125,
1481 2395 1512 2443 2
1549 2390 1688 2459 Tan]
1729 2384 1991 2459 ἱστόρησε
2027 2388 2129 2442 καὶ
2167 2387 2345 2458 ἔγρα-

395 2485 509 2540 ψεν
538 2478 546 2539 Ι
581 2478 697 2539 125,
735 2480 767 2527 3
804 2474 904 2527 καὶ
942 2468 1188 2540 ἴστόρισε
1226 2474 1326 2528 καὶ
1363 2472 1580 2543 ἔγραψε
1617 2470 1717 2529 διὰ
1753 2471 2105 2543 πραγμάτων
2155 2474 2165 2541 Ι
2216 2480 2343 2540 125,

393 2565 426 2611 4
461 2553 772 2625 ε’συνταξεν
819 2560 828 2626 Ι
878 2562 992 2624 125,
1031 2564 1061 2611 7
1098 2577 1196 2680 ωνν
1212 2578 1320 2618 om‚·
1352 2555 1426 2613 τὸ
1462 2577 1559 2628 πρ.
1599 2579 1648 2612 κ.
1688 2556 1953 2629 ἔγραψε
1984 2556 2159 2626 περὶΙ
2212 2564 2339 2626 125,

397 2682 459 2729 12
495 2672 685 2775 κάμνη
719 2677 727 2742 Ι
759 2682 873 2740 125,
897 2672 1044 2731 13τό
1073 2642 1159 2746 γο
1164 2647 1426 2746 νὲγραψε
1472 2696 1527 2730 π.
1567 2676 1669 2732 τοῦ
1699 2677 1881 2731 κακοῦ
1908 2670 1963 2729 οἷ.
2000 2697 2049 2730 κ.
2075 2695 2134 2735 π.
2167 2678 2176 2744 Ι
2211 2684 2334 2744 125,

397 2766 458 2814 15
495 2756 568 2825 ἆ.,
605 2756 680 2813 να
716 2758 864 2813 κατα
903 2757 1165 2827 σκευαζει
1203 2762 1285 2814 δ.·
1326 2760 1425 2814 καὶ
1449 2780 1518 2829 με
1543 2759 1677 2824 τούς
1712 2757 1928 2823 κακοὺς
1974 2754 2337 2830 ἀνθρώπους

396 2841 470 2896 νὰ
506 2839 795 2913 συρράπτη
832 2865 884 2901 κ.
924 2865 973 2899 κ.
1011 2841 1113 2900 τὸν
1148 2866 1205 2899 π.
1244 2865 1349 2899 του
1401 2847 1411 2912 Ι
1466 2851 1582 2910 125,
1621 2851 1683 2899 17
1724 2843 1876 2900 εἶναι
1913 2851 1945 2898 ἰ.
1982 2865 2026 2899 e.
2065 2840 2229 2914 ἕστίΙ
2263 2852 2334 2900 21

394 2944 679 3051 τόε-ῗνότι
718 2983 727 3045 Ι
762 2986 875 3044 125,
911 2985 993 3035 23.
1032 2987 1112 3045 24,
1147 2988 1285 3049 πρῐν
1322 2977 1395 3035 νὰ
1434 2976 1760 3047 ἐξετάζεται
1796 2981 1940 3082 (pq-et
1975 2975 2049 3034 vo}
2082 2986 2136 3034 in
2173 3001 2336 3036 uersu
2533 3007 2539 3080 J

392 3079 622 3120 extremo
659 3061 707 3131 ἔ)
744 3061 849 3133 τὴν
874 3059 1178 3120 ὑπόθεσιν.
1211 3066 1222 3133 Ι
1255 3071 1368 3128 126,
1407 3072 1438 3120 3
1476 3060 1530 3121 a'.
1568 3085 1630 3132 φ.
1617 3103 1651 3130 .,
1697 3083 1772 3118 να
1804 3064 1884 3133 μὴ
1923 3058 2129 3133 ζηλεῦη
2163 3067 2172 3133 Ι
2208 3071 2332 3135 126,

392 3156 422 3202 6
457 3144 494 3219 ἢ
531 3147 951 3219 αγωνίζουνται
997 3149 1128 3218 περὶ
1182 3144 1285 3205 τὸν
1319 3152 1370 3219 β.
1422 3152 1432 3218 Ι
1489 3155 1603 3218 126,
1646 3154 1674 3201 7
1709 3145 1824 3203 fini.
1862 3149 1950 3203 τὶ·
2005 3149 2106 3203 καὶ
2141 3144 2173 3205 ὁ
2215 3143 2276 3204 ἆ.
2323 3199 2326 3210 ,

396 3241 508 3300 126,
544 3241 596 3300 9,
635 3236 733 3287 δια
770 3236 831 3287 τί
863 3231 968 3288 δὲν
1006 3229 1270 3301 δύνεται,
1324 3233 1398 3288 νὰ
1434 3229 1537 3290 τὸν
1584 3233 1798 3303 βλέπει.
1846 3234 1855 3301 Ι
1905 3239 2020 3301 126,
2060 3241 2121 3289 13
2176 3227 2226 3290 ὅ.
2266 3255 2330 3293 π.

389 3320 588 3382 καθῶς
623 3317 788 3373 θέλει
824 3313 987 3380 τινας
1024 3315 1359 3386 ἄνθρωπος,
1416 3315 1488 3374 v&
1536 3313 1798 3388 κάμνουν
1851 3314 2015 3375 ἄλλοι
2051 3317 2137 3380 εἰς
2176 3314 2331 3374 ἐκεῖ·

391 3424 518 3470 νον,
557 3399 773 3472 ὁμοίως
808 3395 882 3457 τὰ
918 3398 1107 3472 κάμνη
1144 3403 1244 3457 καὶ
1280 3399 1499 3466 ἐκείνος
1537 3403 1619 3467 εἰς
1654 3400 1861 3466 ἄλλους
1912 3406 1924 3471 Ι
1975 3408 2092 3468 126,
2132 3408 2199 3458 15
2252 3421 2330 3471 με

392 3483 676 3550 ἐκείνους,
730 3483 879 3541 ὀποῦ
905 3525 919 3540 .
950 3530 963 3542 .
992 3493 1054 3539 16
1107 3488 1207 3542 καὶ
1244 3484 1503 3551 ἐκείνους
1540 3483 1743 3544 ὁποῦ..
1792 3495 1799 3550 Ι
1852 3494 1964 3555 127,
2005 3494 2032 3540 1
2085 3492 2180 3542 πλ.
2220 3487 2321 3541 καὶ

391 3564 522 3636 ἆρπ.
579 3571 676 3624 καὶ
714 3573 917 3639 ζοῦρας
972 3572 1212 3641 (usuras)
1260 3574 1270 3641 Ι
1321 3578 1435 3640 127,
1478 3579 1675 3628 15--17
1715 3566 1852 3629 οὐδὲ
1890 3613 1903 3627 .
1928 3612 1940 3628 .
1981 3565 2151 3639 ἇνθρ.
2190 3590 2270 3626 om
2313 3571 2321 3642 Ι
