2563 4087
477 218 598 283 176

475 362 873 448 ἀποστῆναι,
891 359 1011 429 ἅτε
1026 362 1356 448 βασιλέως
1374 360 1734 447 τυγχάνων
1753 360 1909 441 υἱός
1926 401 2012 412 —-
2038 360 2202 431 ἀλλά
2222 362 2361 430 κατὰ

474 464 717 553 μικρὸν
751 478 894 541 τοῖς
930 461 1152 547 λόγοις
1188 488 1269 549 με
1306 467 1810 551 διαρρυθμίζων
1847 460 2028 533 οὕτω
2061 491 2141 551 με
2171 461 2364 541 δεξιῶς

476 573 572 645 εἰς
623 565 701 634 τὸ
755 566 1008 632 τέλειον
1059 565 1177 652 τῆς
1229 571 1638 651 φιλοσοφίας
1689 561 2008 651 ἀνήγαγε.
2088 564 2262 652 κάγώ
2306 564 2366 631 δὲ

473 666 874 753 τελειοτέρας
925 664 1387 752 ἐφαπτόμενος
1436 665 1829 754 φρονήσεως
1875 666 2279 755 συνετήρουν
2309 668 2365 733 ἐν

423 793 450 832 5
475 771 556 856 τῇ
595 770 845 857 καρδία
894 765 1115 834 πάντα
1165 765 1249 854 δὴ
1287 768 1370 834 τὰ
1406 765 1563 855 παρ’
1605 764 1821 835 αὐτοῦ
1859 794 1971 855 μοι
2008 766 2365 838 ἐκδιδασκό-

473 896 705 957 μενα,
728 870 841 937 καὶ
891 866 1305 955 συναγαγών
1346 867 1470 937 τὸν
1506 867 1747 961 πρώην
1781 895 1921 995 μου
1950 871 2366 958 διασπαρέντα

474 968 831 1057 λογισμόν,
877 969 1046 1039 ταίτε
1094 996 1218 1038 ωτε
1268 977 1629 1050 συντείνας
1677 969 1849 1059 πρὸς
1884 970 2098 1059 ἀκοὴν
2131 973 2239 1040 καὶ
2270 970 2367 1055 τὴν
2445 1031 2446 1034 ,

475 1076 781 1160 γλῶτταν
829 1071 998 1160 πρὸς
1047 1071 1273 1158 λόγων
1321 1073 1604 1158 μελέτην
1649 1098 1722 1140 τε
1769 1075 1883 1142 καὶ
1933 1073 2225 1159 πλοκήν,
2278 1070 2370 1139 καὶ

301 1199 446 1249 12112
473 1176 590 1253 τὰς
637 1189 865 1262 χεῖρας
915 1171 1086 1260 πρὸς
1134 1174 1457 1254 διάστιξιν
1505 1170 1969 1262 (μεμαθηκώς)
2017 1181 2372 1262 συλλαβεῖν,

398 1302 447 1342 ιο
474 1271 690 1355 οῧτώς
741 1277 851 1345 ἐπὶ
899 1271 1082 1362 (τὸν)
1137 1274 1378 1363 καιρὸν
1428 1278 1567 1342 τῶν
1618 1275 1683 1355 ἓξ
1732 1277 1848 1344 καὶ
1894 1275 2128 1363 μόνων
2171 1277 2371 1364 μηνῶν

473 1378 694 1446 πάντα
729 1377 814 1463 δὴ
874 1375 958 1444 τά
1009 1378 1420 1463 διδαχθέντα
1473 1401 1585 1463 μοι
1633 1374 2078 1465 ἀκριβέστατα
2123 1378 2372 1445 κατέλα-

472 1487 622 1567 βον,
659 1480 772 1547 καὶ
813 1480 887 1546 ἐν
922 1478 1186 1565 μεθέξει
1220 1477 1439 1565 πάσης
1475 1486 1883 1565 φιλοσοφίας
1918 1479 2035 1547 καὶ
2071 1480 2372 1553 συνέσεως

474 1581 747 1666 γέγονα,
768 1580 1238 1667 συναραμένης
1259 1579 1528 1658 πάντως
1547 1581 1663 1648 καὶ
1681 1582 1800 1666 τῆς
1826 1588 2024 1659 θείας
2052 1580 2371 1667 δυνάμεως

475 1683 630 1767 ἐμοί
641 1706 712 1748 τε
729 1681 845 1748 καὶ
863 1684 947 1770 τῇ
968 1678 1149 1770 παρὰ
1167 1684 1292 1749 τοῦ
1315 1679 1432 1768 ἐμὲ
1462 1685 2079 1768 μυσταγωγοῦντος
2099 1675 2370 1767 σπουδῇ.’

398 1806 449 1848 15
475 1781 738 1862 τούτοις
786 1779 822 1850 6
871 1781 1189 1870 βασιλεὺς
1236 1796 1380 1861 τοῖς
1414 1784 1538 1850 τοῦ
1578 1782 1819 1863 παιδὸς
1857 1783 2108 1873 ῥήμασι
2140 1782 2374 1871 σφόδρα

472 1884 600 1970 τὴν
633 1888 925 1973 καρδίαν
961 1882 1224 1972 ἡσθείς,
1260 1882 1817 1973 εὐχαριστηρίους
1851 1889 1949 1977 τῷ
1981 1890 2128 1977 θεῷ
2159 1884 2372 1970 λόγους

448 1984 817 2074 ,ἀνέπεμπε
832 1987 946 2055 καὶ
975 1985 1100 2073 τὴν
1126 1990 1249 2056 τοῦ
1280 1986 1522 2066 παιδὸς
1549 1986 1823 2058 σύνεσιν
1851 1988 1968 2057 καὶ
1995 1991 2371 2074 φιλοσοφίαν

478 2088 836 2171 ἐκθειάζων
897 2089 1169 2158 διετέλει
1226 2089 1310 2156 τά
1372 2089 1684 2177 μέγιστα,
1748 2091 1863 2161 καὶ
1924 2093 2020 2181 τῷ
2087 2095 2370 2173 Συντίπᾳ

478 2188 806 2276 ὡμολόγει
829 2187 951 2269 τάς
979 2190 1272 2278 χάριτας.
1327 2188 1471 2258 εἶτα
1497 2191 1753 2261 κελεύει
1782 2195 2198 2280 παραστῆναι
2214 2187 2368 2276 αὐτῷ

401 2316 453 2355 20
479 2290 604 2378 τὴν
640 2289 947 2380 πονηράν
985 2294 1252 2380 ἐκείνην
1280 2307 1610 2378 γυναῖκα,
1657 2288 1801 2380 ἥτις
1837 2291 1960 2361 τὸν
1996 2291 2209 2362 αύτοῦ
2241 2289 2371 2360 υἱὸν

476 2390 800 2461 ἀπολέσαι
837 2395 1215 2481 ἐμηχανᾶτο
1250 2395 1366 2462 καὶ
1410 2392 1660 2481 ταύτης
1710 2395 2178 2483 παραστάσης,
2229 2393 2373 2476 λέγει

476 2493 646 2583 πρὸς
683 2492 900 2583 αὐτὴν
936 2494 971 2565 6
1009 2494 1359 2583 βασιλεύς·
1407 2493 1880 2577 ’ἀνακάλυψόν
1915 2523 2047 2584 μοι,
2089 2488 2140 2564 ὦ
2176 2493 2369 2581 γύναι,

475 2595 686 2683 μηδὲν
731 2596 899 2665 κατὰ
951 2597 1174 2685 φόβον
1210 2595 1781 2685 ύποστειλαμένη,
1834 2605 2022 2678 τίνος
2057 2598 2248 2686 χάριν
2276 2592 2374 2660 τὸν

480 2697 641 2783 έμόν
676 2696 836 2766 υίόν
873 2696 1197 2767 ἀπολέσαι
1235 2702 1591 2787 ἔσπευδες,
1637 2702 1751 2767 καὶ
1785 2707 1891 2795 τίς
1940 2691 2026 2785 ἦν
2074 2696 2111 2767 6
2161 2696 2374 2787 τρόπος
2491 2706 2494 2759 ἓ

398 2821 450 2863 25
476 2802 592 2883 τῆς
626 2799 940 2886 τοιαύτης
977 2820 1104 2869 σου
1134 2807 1497 2888 σκαιωρίας
1516 2799 1547 2883 ;’
1586 2797 2035 2889 ὑπολαβοῦσα
2063 2800 2140 2868 δὲ
2164 2800 2203 2887 ἡ
2229 2792 2377 2886 γυνὴ

480 2904 640 2987 ἔφη·
688 2896 930 2986 “οἶδας,
969 2891 1021 2968 ὦ
1057 2901 1367 2989 κράτιστε
1399 2904 1705 2990 βασιλεῦ,
1742 2900 1835 2982 ὥς
1872 2900 2083 2971 οὐδέν
2117 2928 2241 2970 τινι
2263 2900 2377 2968 τῶν

477 2998 867 3088 ἀνθρώπων
894 3005 1012 3087 τῆς
1045 3006 1225 3082 ἰδίας
1241 3006 1407 3089 ζωῆς
1428 3006 1799 3092 καθέστηκε
1819 3003 2375 3093 προσφιλέστερον.

613 3268 644 3315 2
683 3263 1070 3330 διαριθμίζων
1180 3270 1331 3321 6.11
1369 3284 1466 3333 μοι
1503 3285 1596 3321 om.
1636 3270 1680 3320 P
1803 3271 1835 3320 9
1871 3260 2224 3337 μεμαθηκως
2255 3274 2300 3318 et
2330 3265 2381 3313 10

476 3327 576 3385 τὸν
610 3335 794 3392 adieci,
829 3340 885 3383 ut
921 3341 1107 3385 emtam
1139 3337 1192 3387 in
1227 3336 1289 3386 P.
1327 3339 1398 3401 cf.
1438 3339 1555 3401 112,
1596 3339 1641 3387 1.
1679 3339 1711 3386 2
1825 3339 1888 3388 14
1922 3335 2056 3403 περὶ
2170 3339 2231 3388 19
2262 3326 2376 3412 ὁμο-

478 3397 635 3469 λόγει
770 3403 834 3451 21
870 3392 1164 3455 ἀπωλέσαι
1196 3420 1260 3457 m.
1299 3420 1400 3468 pr„
1437 3421 1574 3459 corr.
1610 3423 1674 3455 m.
1710 3420 1815 3454 sec.
1960 3392 2378 3470 παραστησάσησ

610 3471 676 3521 26
713 3464 909 3534 οἶδας,
961 3486 1061 3520 non
1106 3465 1286 3523 οἶσθα
1330 3479 1385 3521 ut
1423 3474 1584 3523 minus
1618 3475 1868 3525 adcurate
1901 3474 2196 3538 inspicienti
2225 3470 2381 3522 uidea-

478 3543 577 3598 tur,
614 3544 691 3587 est
727 3540 780 3589 in
801 3542 991 3590 codaece
