2563 4087
1013 215 1260 282 Aesopus
1297 217 1324 267 Ι
1639 206 1652 217 ’
1913 174 1918 179 -
2012 216 2140 281 289

187 382 426 462 φίλοις
463 376 685 461 πρᾶον
712 373 825 441 καὶ
864 370 1336 460 εὐμετάδοτον,
1376 372 1468 453 ῶς
1505 372 1999 462 εὐνουστέρους
2035 396 2139 444 σοι

187 481 461 565 μᾶλλον
508 483 839 562 γίνεσθαι.
912 480 1010 543 ἔτι
1055 502 1127 544 τε
1172 474 1336 554 τοὺς
1382 475 1509 563 μὲν
1565 475 1856 562 ἐχθροὺς
1905 493 2138 546 νοσεῖν

191 577 406 664 εὔχου
435 578 550 644 καὶ
580 578 927 663 πένεσθαι,
966 575 1058 655 ῶς
1093 577 1183 664 μὴ
1221 581 1414 657 οἴους
1448 584 1518 645 τε
1554 575 1728 645 εἶναι
1754 585 2001 647 λυπεῖν
2027 597 2133 648 σε·

189 679 362 758 τούς
420 679 497 747 δὲ
546 686 795 765 φίλους
855 678 1022 747 κατὰ
1086 678 1308 746 πάντα
1360 668 1435 746 εὖ
1486 679 1800 763 πράττειν
1856 681 2134 765 βούλου.

194 782 337 850 αιέὶ
383 785 470 867 τῇ
521 787 804 866 γυναικί
847 800 972 849 σου
1021 782 1325 867 χρηστῶς
1374 778 1612 867 ὁμίλει,
1675 777 1858 859 ὅπως
1907 783 2137 867 ἑτέρου
2166 809 2189 848 5

191 880 454 969 ἀνδρὸς
505 898 749 969 πεῖραν
794 881 885 968 μὴ
938 881 1185 969 ζητήσῃ
1239 887 1494 968 λαβεῖν.
1565 885 1833 968 κοῦφον
1883 881 2015 970 γὰρ
2061 881 2138 950 τό

194 987 340 1052 τῶν
367 988 714 1069 γυναικῶν
745 985 881 1052 ἐστι
908 979 1135 1069 φῦλον
1160 983 1275 1054 καὶ
1312 982 1851 1069 κολακευόμενον
1889 985 2140 1053 ἐλάττω

197 1100 448 1172 φρονεῖ
490 1084 682 1152 κακά.
768 1082 994 1163 ὀξεῖαν
1052 1110 1178 1170 μεν
1236 1082 1406 1169 πρὸς
1465 1083 1673 1170 λόγον
1719 1087 1957 1170 κτῆσαι
2014 1086 2140 1172 τὴν

194 1184 440 1273 ακοήν,
491 1189 612 1272 τῆς
644 1184 717 1254 δὲ
745 1184 1045 1273 γλώττης
1086 1184 1412 1273 ἐγκρατὴς
1442 1192 1571 1254 ἔσο.
1626 1201 1769 1265 τοῖς
1806 1213 1882 1254 ευ
1921 1186 2139 1273 προέτ-

200 1307 399 1357 τουσι
424 1288 514 1375 μὴ
544 1287 814 1371 φθόνει,
852 1282 1026 1354 αλλὰ
1057 1286 1397 1376 σύγχαιρε.
1453 1289 1743 1373 φθονῶν
1771 1287 1903 1375 γὰρ
1933 1308 2136 1357 σεαυ-
2169 1315 2217 1354 ιο

199 1389 326 1457 τὸν
390 1393 649 1475 μᾶλλον
706 1388 1005 1476 βλάψεις.
1087 1393 1226 1456 τῶν
1274 1393 1560 1457 οἰκετῶν
1608 1410 1733 1458 σου
1798 1391 2141 1477 ἐπιμελοῦ,

211 1495 328 1559 ἵνα
377 1489 466 1576 μὴ
514 1490 728 1578 μόνον
766 1487 858 1568 ῶς
907 1489 1239 1577 δεσπότην
1291 1511 1363 1559 σε
1402 1493 1772 1577 φοβῶνται,
1819 1489 1992 1561 ἀλλὰ
2016 1490 2150 1561 καὶ,

204 1591 304 1670 ὥς
333 1590 696 1680 εὐεργέτην
724 1593 1068 1661 αἰδῶνται.
1124 1589 1215 1678 μὴ
1251 1591 1586 1677 αἰσχύνου
1623 1592 1999 1679 μανθάνειν
2036 1590 2139 1659 ἀεὶ

203 1692 288 1760 τοὶ
341 1701 640 1780 κρείττω.
705 1699 790 1781 τῇ
828 1691 1099 1778 γυναικὶ
1148 1694 1482 1780 μηδέποτε
1519 1694 1887 1782 πιστεύσῃς
1923 1693 2131 1779 ἀπόρ-

200 1822 394 1881 ρητα,
442 1793 549 1863 ἀεὶ
598 1794 730 1884 γὰρ
778 1793 1138 1881 ὁπλίζεται,
1188 1795 1334 1873 πῶς
1384 1815 1508 1864 σου
1545 1795 1900 1882 κυριεύσει.
1975 1788 2137 1864 καθ’
2171 1822 2217 1861 15

200 1895 464 1985 ἡμέραν
516 1896 631 1964 καὶ
693 1903 792 1975 εἰς
838 1894 962 1983 τὴν
1023 1893 1262 1982 αὔριον
1310 1891 1790 1983 ἀπσταμιεύου.
1875 1898 2141 1984 βέλτιον

204 1998 337 2086 γὰρ
386 1999 800 2070 τελευτῶντα
851 1999 1122 2085 ἐχθροῖς
1171 2004 1594 2085 καταλεῖψαι,
1653 1993 1693 2083 ἢ
1738 2002 1955 2081 ζῶντα
2001 2001 2141 2065 τῶν

209 2109 440 2186 φίλων
525 2103 919 2170 ἐπιδεῖσθαι.
1029 2098 1566 2186 ευπροσήγορος
1621 2105 1732 2169 ἔσο
1799 2115 1943 2180 τοῖς
2014 2119 2132 2168 συ-

205 2203 570 2286 ναντῶσιν,
606 2201 806 2282 εἰδῶς
854 2199 944 2281 ῶς
982 2201 1097 2269 καὶ
1148 2205 1239 2269 τῶ
1278 2207 1603 2292 κυναρίῶ
1626 2228 1833 2288 αρτον
1870 2195 1911 2287 ἡ
1969 2199 2140 2288 οὐρα

206 2310 652 2391 προσπορίζει.
805 2301 1068 2389 ἀγαθὸς
1166 2303 1531 2390 γενόμενος
1627 2301 1748 2391 μὴ.
1817 2302 2219 2390 μετανόει.εο

346 2420 371 2465 l
410 2410 594 2478 πρᾰον
629 2415 670 2465 Ζ
835 2419 865 2464 2
904 2431 965 2466 τε
1000 2431 1160 2477 supr-a
1196 2418 1379 2465 lineam
1415 2418 1537 2465 add.
1578 2416 1650 2477 M,
1688 2426 1796 2465 om?
1820 2415 1868 2465 Φ
1896 2416 1941 2463 Ε
1969 2416 2019 2464 Κ
2043 2415 2083 2463 Ζ
2108 2431 2142 2463 v

204 2488 237 2536 3
275 2499 449 2550 ενχον
484 2485 527 2533 Ρ
700 2479 1009 2548 πένεσθαι]
1061 2480 1086 2533 έ
1135 2499 1205 2533 eoe
1249 2500 1312 2532 αι
1356 2483 1544 2559 saccum
1582 2483 1628 2544 Q
1801 2474 1965 2540 οΐούς
2001 2497 2063 2533 τε
2099 2482 2143 2531 Ρ

344 2546 598 2668 λυπεεῖνὲἶ
620 2548 718 2602 καὶ
758 2552 963 2601 λυπεῖν
999 2550 1046 2602 Φ
1073 2551 1119 2613 Ω
1145 2550 1196 2599 D
1344 2553 1378 2600 4
1414 2543 1601 2613 βούλει
1642 2550 1686 2598 Ρ
1842 2553 1874 2599 5
1913 2545 2032 2600 αἰεὶ
2068 2551 2140 2611 Η,

207 2628 259 2669 et
287 2620 517 2681 fortasse
638 2622 669 2670 l.
709 2635 728 2667 ι
764 2628 949 2682 postea
993 2621 1220 2682 adiecta,
1260 2609 1356 2668 οἷεὶ
1393 2618 1443 2667 Φ
1469 2618 1515 2679 Ω
1540 2613 1615 2679 D3
1653 2620 1780 2668 illud
1800 2619 1991 2666 retinui
2026 2620 2144 2682 quia

207 2703 385 2736 uersus
431 2694 481 2736 in
526 2687 605 2736 hie
647 2686 818 2736 uerbis
853 2689 978 2736 latet
1151 2677 1391 2766 χρηστὸς
1427 2685 1486 2734 Μ
1522 2700 1736 2750 χρηστα
1776 2683 1823 2733 Φ
1848 2685 1894 2746 Ω
1919 2685 1969 2733 D

208 2756 239 2803 6
248 2747 378 2831 Ημὴ
391 2762 512 2818 post
545 2743 764 2812 όπωςο
736 2756 968 2805 conlocat
1004 2754 1050 2816 Q
1225 2748 1452 2832 οἷνδρῶς
1496 2753 1542 2800 V
1717 2756 1746 2803 7
1786 2744 1903 2804 ἔστι
1939 2769 2031 2803 om.
2069 2752 2143 2811 V;

209 2813 270 2871 τὸ
298 2820 413 2886 τῆς
450 2813 726 2887 γυναικός
773 2814 891 2871 ἐστι
929 2820 1118 2886 φῦλον
1165 2820 1212 2870 Φ
1353 2819 1539 2885 φῦλον
1577 2836 1647 2869 ex
1684 2813 1906 2898 φύλλον
1936 2821 2062 2883 fecit
2098 2818 2144 2881 Q

210 2904 279 3007 Z:
299 2882 825 3021 ῙῗόγωνὸΩμιξιν]Ρξ·ιὴ
865 2889 917 2938 H
947 2888 1344 3032 ξξγξέατζξΐ
1353 2888 1465 3004 Ρθᾶ
1506 2889 1677 3006 Ῑὸῗδδ)
1711 2956 1761 3004 D
1785 2879 1987 3003 λόγοῗῖ
2020 2889 2149 3019 ζῑῗῖ

209 3041 299 3076 om.
337 3025 411 3084 V,
455 3038 560 3074 σου
595 3022 815 3087 μᾶλλον
851 3023 909 3103 Q
1023 3028 1084 3072 12
1123 3015 1448 3089 φοβουνται
1484 3023 1527 3072 Ρ
1658 3026 1720 3073 13
1757 3018 2066 3074 αἰδοῦνται
2100 3023 2149 3071 Α

213 3061 520 3142 αἰδούνται
556 3092 601 3141 Ρ
735 3094 798 3141 14
834 3085 911 3155 μὴ
952 3086 1019 3141 δέ
1055 3105 1193 3141 ποτε
1230 3090 1281 3139 D
1307 3090 1362 3139 H
1386 3090 1431 3138 E
1494 3125 1500 3130 -
1572 3092 1635 3141 15
1670 3090 1774 3141 σοῦ
1811 3092 1862 3141 Κ
1989 3106 2147 3153 κυρι-

146 3205 151 3212 .
212 3149 347 3223 εὔση
386 3159 430 3207 Ρ
556 3159 798 3237 καθηιι.
839 3158 885 3220 Q
911 3158 961 3206 D
987 3158 1034 3207 R
1059 3158 1103 3206 P
1231 3161 1321 3212 17
1360 3151 1621 3237 ἐχθροῖς]
1663 3162 1784 3216 τοις
1821 3150 2058 3237 ἐχθροῖς
2098 3157 2145 3207 Φ

164 3263 169 3270 ·
344 3219 687 3307 καταλήψαι
713 3228 757 3276 Ρ
899 3229 964 3276 20
1000 3223 1366 3306 προςκομίζει
1392 3226 1442 3274 D
1584 3218 1812 3305 αγαθὸς
1837 3219 2147 3291 »γενόμενος

213 3294 262 3343 Κ
292 3294 332 3342 Ζ
368 3310 428 3342 vt
487 3285 718 3359 ἀγαθὸς
772 3285 1076 3373 γινόμενος
1120 3293 1170 3343 V
1223 3284 1454 3372 ἀγαθὸς
1500 3286 1827 3359 δυνάμενος
1868 3293 1926 3342 Μ
1953 3294 1998 3341 R
2023 3294 2068 3340 E
2093 3291 2148 3340 H

214 3353 602 3426 ἆγαθοποιεῖν
652 3355 978 3426 δυνάμενος
1022 3360 1093 3409 W
1131 3359 1197 3426 Φ,
1248 3362 1295 3423 Q
1346 3350 1592 3425 (ἆγαθο-
1569 3359 1705 3439 ·.π);
1744 3361 1794 3409 D
1827 3375 1893 3410 m
1931 3375 2009 3423 pr.
2055 3362 2152 3409 sed

213 3428 261 3476 D
285 3433 314 3478 2
355 3446 382 3488 ς
428 3437 479 3479 et
512 3438 768 3480 accentum
813 3431 1003 3480 adiecit
1046 3431 1347 3494 litterasque
1390 3443 1489 3479 ποι
1529 3425 1725 3492 δυνοὶμ
1765 3430 1970 3492 punctis
2004 3427 2149 3488 infra

212 3549 417 3612 scriptis
471 3549 667 3598 deletas
712 3550 869 3598 uoluit
916 3513 1369 3612 (οἶγαθὸξτοιεῖν
1405 3539 1765 3613 δυνάμενος)
1822 3534 2151 3608 δυνάμενος

312 3638 668 3679 FAn.Rom.1.
1747 3633 1805 3668 '·
1884 3631 1945 3678 19
