2563 4087
420 225 541 290 152

414 395 525 456 μοι
588 370 662 436 ἐν
721 382 872 447 ταῖς
924 368 1087 435 ἑπτὰ
1133 365 1407 454 ἡμέραις
1466 369 1666 453 σιγᾶν
1725 371 2148 437 διεστείλατο.
2236 372 2357 436 καὶ

416 469 809 557 ἀποκριθεὶς
848 474 1022 555 ἔφην
1056 473 1143 557 τῇ
1170 476 1480 554 γυναικί·
1537 465 1797 554 ,,ου’δὲν
1822 467 1901 536 τό
1926 493 2004 555 γε
2029 471 2164 538 νῦν
2194 476 2359 556 ἔχον

418 571 572 660 περὶ
610 559 708 638 ὧν
741 596 854 658 μοι
889 574 1081 658 ἔφης,
1119 596 1172 638 ω
1208 569 1439 656 γύναι,
1478 567 1649 673 πρὸς
1686 568 1761 638 σὲ
1795 567 2361 659 ἀντιφθέγξομαι,

416 672 606 760 ἄχρις
641 666 728 739 ἂν
768 669 932 740 ἑπτὰ
966 669 1208 759 ἡμέραι
1239 670 1318 740 τὸ
1355 669 1490 741 ἀπὸ
1517 666 1720 741 τοῦδε
1747 673 2177 761 παρέλθοιεν,
2217 697 2354 742 πα·-

367 801 392 839 5
420 777 842 862 ραρρυεισῶν
877 771 956 841 δὲ
989 774 1253 842 τούτων
1288 772 1523 852 καθώς
1558 793 1664 842 σοι
1699 773 2016 862 προσήκει
2059 775 2220 863 περὶ
2259 765 2360 842 ὧν

267 915 313 950 p.
341 903 392 942 82
418 901 529 961 μοι
565 874 933 962 λελάληκας
968 872 1543 963 ἀπολογήσομαι.“
1611 876 1825 943 ταῦτα
1861 865 2027 966 οὖν,
2064 866 2117 943 ὦ
2154 882 2351 963 βασι-

419 981 563 1061 λεῦ,
592 975 769 1064 μόνα
794 978 879 1064 τῇ
908 978 1184 1063 γυναικὶ
1209 981 1308 1069 τῷ
1334 977 1486 1046 τότε
1512 973 2100 1064 ἀντεφθεγξάμην,
2135 976 2363 1065 μηδὲν

418 1080 648 1167 ἕτερον
682 1078 914 1166 μηκέτι
948 1079 1275 1165 προσθεὶς
1321 1074 1364 1165 ἢ
1397 1076 1566 1147 ἄλλο
1600 1105 1663 1147 τι
1696 1078 2165 1165 φθεγξάμενος
2201 1076 2359 1166 ἄχρι

416 1184 611 1267 τῆςδε
662 1183 781 1265 τῆς
835 1179 1129 1267 σήμερον
1161 1178 1434 1269 ἡμέρας.
1490 1179 1664 1249 καθὸ
1702 1180 1785 1249 δέ
1826 1207 1903 1267 γε
1950 1177 2033 1247 τά
2081 1182 2170 1267 τῇ
2223 1206 2355 1266 γυ-

340 1311 390 1350 10
415 1285 597 1372 ναικὶ
632 1280 881 1372 ἀρεστὰ
917 1279 1235 1370 οὐδαμῶς
1274 1281 1405 1367 ἐγώ
1433 1279 1585 1351 τότε
1608 1280 2091 1371 διεπραξάμην,
2129 1278 2361 1360 εὐθὺς

420 1388 641 1472 ἐκείνη
678 1387 906 1474 πολλῷ
944 1383 1078 1452 δέει
1112 1391 1455 1471 ληφθεῖσα
1489 1381 1869 1453 κάντεῦθεν
1912 1386 2357 1452 κινδυνεῦσαι

415 1484 505 1555 δι’
540 1489 709 1572 ἐμοῦ
734 1482 1147 1573 ὑφορωμένη
1171 1490 1499 1555 ἔσπευδεν
1520 1484 1712 1565 ἐντὸς
1729 1488 1870 1553 τῶν
1891 1483 2054 1554 ἕπτά
2074 1483 2359 1572 ἡμερῶν

416 1586 756 1664 ἀπωλείας
781 1611 862 1672 με
887 1586 1139 1654 θέσθαι
1164 1586 1657 1676 παρανάλωμα,
1685 1587 1800 1655 καὶ
1828 1588 1927 1674 σέ,
1965 1576 2018 1654 ὦ
2045 1589 2364 1675 βασιλεῦ,

417 1685 588 1774 πρὸς
634 1686 757 1774 τὴν
805 1687 1078 1774 σφαγήν
1123 1714 1259 1777 μου
1307 1689 1751 1777 παρωτρυνεν
1807 1685 1849 1774 ἡ
1906 1688 2351 1776 κακότροπος.

339 1815 389 1855 15
417 1786 592 1856 ἀλλά
637 1790 714 1856 τὸ
767 1787 894 1876 μὲν
925 1791 1045 1875 τῆς
1082 1792 1243 1877 ἐμῆς
1278 1816 1358 1877 γε
1392 1792 1645 1875 σιωπῆς
1680 1798 1899 1857 αἴτιον
1931 1785 2063 1876 ἤδη
2099 1807 2236 1858 σου
2272 1792 2357 1877 τῇ

417 1898 837 1980 σκηπτουχίᾳ
884 1890 1279 1978 δεδήλωται·
1347 1894 1473 1959 τοῦ
1510 1892 1751 1959 λοιποῦ
1807 1889 1885 1959 δὲ
1921 1898 2111 1979 εἴπερ
2145 1889 2355 1959 εὐδο-

416 1998 568 2081 κοίη
604 1993 717 2062 καὶ
758 1993 983 2062 ἐθέλοι
1015 1990 1092 2061 τὸ
1132 1991 1378 2082 κράτος
1415 2011 1576 2081 σου,
1625 1991 2060 2081 προσταξάτω
2114 1992 2360 2062 ἱκανὸν

416 2093 620 2180 ὄχλον
655 2102 1020 2165 συνελθεῖν
1055 2096 1169 2164 καὶ
1200 2094 1456 2175 πάντας
1484 2093 1649 2174 τούς
1676 2093 2123 2182 φιλοσόφους,
2160 2090 2353 2174 ὅπως

419 2195 522 2264 ἐπ’
556 2194 873 2284 ἀκροάσει
898 2194 1131 2265 αὐτῶν
1157 2195 1578 2276 ἀνακαλύψω
1608 2195 1718 2266 ἐπὶ
1744 2199 1864 2265 τοῦ
1893 2193 2355 2283 ἀνακτορικοῦ

340 2322 392 2360 20
418 2320 543 2364 σου
588 2296 888 2383 βήματος
933 2293 1019 2383 ἦν
1066 2323 1148 2383 με
1183 2303 1629 2367 διδασκαλίαν
1666 2295 1702 2365 ὁ
1740 2297 2115 2384 φιλόσοφος
2156 2306 2357 2366 Συν-

419 2405 619 2477 τίπας
659 2394 1028 2478 ἐξεδίδαξε.’

584 2498 862 2568 Τούτων
896 2496 1193 2579 ἀκούσας
1230 2497 1266 2567 ὁ
1305 2498 1626 2587 βασιλεῦς
1654 2497 1836 2586 παρὰ
1862 2503 1989 2568 τοῦ
2014 2502 2178 2568 υἱοῦ
2213 2503 2360 2567 τῶν

417 2601 756 2687 ῥημάτων,
787 2601 900 2669 ἐπὶ
927 2607 1164 2670 πλεῖον
1192 2606 1413 2687 ἔχαιρε
1438 2605 1698 2688 μᾶλλον
1714 2600 1829 2669 καὶ
1849 2601 2119 2689 σφόδρα
2138 2596 2357 2686 ἠγαλ-

419 2703 622 2770 λιᾶτο.
678 2697 754 2782 ὃς
802 2701 917 2770 καὶ
961 2700 1219 2771 κελεύει
1270 2702 1529 2782 πάντας
1575 2700 1739 2782 τούς
1782 2700 2206 2788 φιλοσόφους
2244 2700 2361 2769 καὶ

341 2828 392 2866 25
420 2802 782 2890 εἰδήμονας
818 2806 1435 2892 συναθροισθῆναι,
1484 2802 1655 2872 ἀλλά
1703 2803 1838 2890 μην
1885 2803 2000 2871 καὶ
2033 2801 2198 2882 τούς
2236 2829 2360 2890 με-

419 2907 737 2987 γιστᾶνας
798 2901 1033 2995 αὐτοῦ.
1114 2906 1231 2973 καὶ
1284 2904 1410 2992 μὲν
1473 2903 1557 2992 δὴ
1606 2904 1852 2985 πάντες
1901 2903 2012 2973 ἐπὶ
2060 2904 2138 2972 τὸ
2179 2901 2356 2973 αὐτὸ

420 3004 588 3092 πρὸς
633 3004 756 3072 τὸν
801 3007 1081 3093 βασιλέα
1128 3009 1500 3093 συνῆλθον.
1556 3012 1998 3094 παραγίνεται
2045 3004 2122 3074 δὲ
2167 3006 2287 3074 καὶ
2322 3001 2360 3073 ὁ

551 3205 585 3252 4
619 3199 976 3255 τοαποτοῦδε
1020 3210 1073 3253 et
1115 3205 1224 3253 sim.
1265 3203 1347 3258 16.
1388 3204 1473 3255 23.
1510 3204 1593 3255 26.
1628 3204 1700 3282 σί.
1738 3203 1863 3280 147,
1902 3204 1965 3252 16
2189 3195 2362 3268 ἄχρις

418 3259 492 3319 ἀν
531 3307 542 3318 .
572 3309 585 3323 .
622 3267 974 3349 παρέλθοιεν
1004 3271 1076 3333 cf.
1120 3271 1235 3332 138,
1275 3270 1339 3321 18
1524 3272 1554 3321 ’1
1591 3268 1667 3339 τῷ
1705 3262 1835 3322 τότε
1870 3271 2177 3335 aliquotiens
2211 3285 2360 3321 usur-

412 3340 561 3415 pauit
663 3339 695 3389 8
733 3327 880 3388 ἄλλό
914 3353 987 3400 τι,
1027 3345 1083 3387 ut
1115 3352 1275 3402 saepe
1379 3341 1412 3392 9
1436 3322 1698 3418 σήμερον
1733 3353 1835 3389 non
1869 3339 1971 3388 erit
2006 3339 2275 3388 delendum

419 3407 481 3455 10
517 3396 625 3471 ἐγώ
662 3398 814 3470 τότε]
855 3373 1030 3483 ἔχωγε
1064 3411 1120 3454 ut
1156 3405 1236 3454 P?
1476 3407 1538 3455 12
1573 3398 1935 3487 υφωρωμένη
1970 3407 2054 3457 uel
2087 3395 2361 3469 ὖφωρου·

416 3469 522 3534 μέν
728 3473 791 3522 19
828 3462 919 3523 ἐπ’
959 3487 1061 3522 non
1095 3480 1175 3523 est
1212 3474 1351 3537 quod
1382 3481 1600 3523 mutetur
1632 3476 1686 3524 in
1723 3466 1785 3525 ἐν
1938 3474 2007 3526 23
2049 3467 2363 3539 [μᾶλλονΡ

414 3554 493 3586 om
