2563 4087
1055 255 1302 348 Aesbpus
1338 285 1364 334 1
2050 279 2212 347 299‘

225 446 493 528 θῆναι..
530 447 606 509 οἳ
634 439 703 508 δ’
728 438 827 509 .ού
864 438 1078 527 μόνον
1115 439 1241 508 οὐκ
1277 439 1653 533 ἀπέλυσαν,
1691 439 1831 510 ἄλλ’
1866 440 1975 522 ὦς’
1997 447 2177 529 ἱερο-

232 542 632 635 συλήσαντα
674 543 787 611 καὶ
825 548 923 621 εἰς
959 542 1034 609 τὸ
1074 542 1529 629 δεσμωτήριον
1568 544 1916 630 ἐνέβαλον,
1950 544 2176 613 θάνα-

187 690 203 703 ,
233 670 358 712 τον
407 641 626 712 αὐτοῦ
674 642 1356 737 ααταψηφισοῖμενοι.,
1407 653 1731 725 Αἴσωπος
1778 644 1854 713 δὲ
1888 648 2175 734 μηδεμιᾷ

233 747 503 833 μηχανῇ
540 746 657 832 τῆς
693 747 995 832 πονηροῖς
1041 747 1244 831 τῆσδε
1278 744 1486 832 τύχης
1530 748 1840 833 σωθῆναι
1875 747 2176 833 δυνάμε-

228 873 379 933 νος,
417 845 663 916 ἑαυτὸν
699 848 811 915 ἐπὶ
839 851 955 932 τῆς
983 848 1246 935 εἱρκτῆς
1277 847 1548 933 ἐθρήνει
1580 847 1980 935 καθήμενος.
2034 852 2175 916 τῶν
2201 879 2226 919 5

232 948 565 1035 συνήθων
586 949 685 1015 δέ
713 974 812 1027 τις
849 942 1063 1038 αύτῷ,
1100 952 1349 1035 Δημᾶς
1377 945 1704 1035 τοῦνομα,
1754 948 1924 1038 πρὸς
1961 948 2176 1018 αὐτὸν

237 1049 571 1118 εἰσελθων
608 1051 721 1119 καὶ
761 1047 930 1118 ἰδών
959 1045 1174 1128 οὕτως
1198 1047 1747 1136 ὀλοφυρόμενον,
1778 1050 1907 1138 τὴν
1943 1058 2175 1120 αἰτίαν

233 1154 357 1219 τοῦ
398 1150 670 1230 πάθους
687 1146 922 1253 ήρετο.
995 1147 1164 1218 καὶ
1146 1149 1220 1231 ὁς
1262 1157 1422 1238 ἔφη
1465 1151 1692 1238 ,,γυνή
1724 1178 1823 1230 τις
1859 1152 2175 1240 προσφα-

232 1278 365 1331 τως
388 1252 515 1320 τὸν
545 1254 788 1339 ἑαυτῆς
816 1249 1033 1338 ανδρα
1059 1252 1370 1338 θαψασα,
1399 1250 1557 1321 καθ’
1592 1251 1851 1340 ἡμέραν
1878 1251 2174 1344 ἀπιοῦσα

231 1353 404 1437 πρὸς
441 1353 520 1422 τὸ
547 1369 874 1441 μνημεῖον
904 1353 1195 1440 ἐθρήνει.
1234 1351 1569 1441 αροτριῶν
1598 1355 1691 1422 δέ
1683 1381 1797 1433 τις
1825 1352 1907 1422 οὐ
1940 1354 2173 1441 πόρρω
2205 1386 2252 1425 ιο

237 1458 363 1524 τοῦ
401 1453 773 1543 μνήματος,
810 1462 909 1533 εἰς
951 1445 1398 1542 ἐπιθυμίαν
1358 1481 1477 1548 ηκε
1511 1458 1628 1541 τῆς
1664 1454 2006 1555 γυναικός.
2057 1457 2171 1524 καὶ

230 1554 625 1624 καταλιπων
650 1556 814 1635 τούς
840 1555 1034 1645 βόας,
1064 1546 1234 1641 ἦλθε
1261 1557 1374 1625 καὶ
1405 1554 1614 1636 αὐτὸς
1642 1555 1813 1643 πρὸς
1839 1556 1914 1625 τὸ
1943 1559 2173 1644 μνῆμα

230 1660 348 1726 καὶ
385 1665 679 1736 καθίσας
707 1658 1112 1745 συνεθρήνει
1145 1660 1227 1747 τῇ
1265 1665 1559 1745 γυναικί.
1612 1660 1729 1745 τῆς
1756 1658 1833 1727 δὲ
1860 1659 2172 1746 πυθομέ-

226 1787 354 1847 νης
380 1768 454 1828 τί
477 1760 723 1846 δήποτε
749 1758 1098 1839 καὶαύτὸς
1128 1756 1346 1839 οὕτως
1375 1758 1715 1847 ὀδύρεται,
1754 1757 1904 1848 „Su
1929 1758 2168 1845 218:me

230 1868 473 1949 φησίν
509 1859 870 1948 ,,εὐπρεπῆ
927 1876 1224 1946 γυναῖκα
1269 1860 1646 1948 κατώρυξα.
1734 1862 1845 1929 καὶ
1902 1861 2171 1930 ἐπειδὰν
2201 1891 2249 1930 15

190 1962 534 2049 κλαύσω,
561 1964 677 2048 τῆς
709 1962 930 2050 λύπης
957 1960 1427 2051 κουφίξομαιὲί
1487 1957 1528 2050 ἢ
1556 1964 1661 2031 ὃ
1603 1989 1629 2029 ε
1698 1956 1951 2049 ,,καμοὶ
1980 1961 2166 2030 τοῦτ’

232 2063 403 2133 αὐτὸ
434 2063 940 2159 προσγίνεταίί.
996 2063 1341 2143 κακεῖνος·
1384 2070 1496 2150 ,,ει’
1511 2072 1752 2136 τοίνυν
1773 2078 1916 2143 τοῖς
1936 2062 2172 2158 αύτοις

233 2165 831 2253 περιπεπ·τω’καμεν
907 2165 1194 2251 πάθεσι,
1264 2173 1338 2234 τί
1395 2165 1641 2290 δήποτε
1704 2154 2020 2252 ἀλλήλοις
2083 2164 2171 2252 μὴ

232 2267 556 2356 σύνιμεν;
596 2267 731 2354 ἐγώ
755 2293 827 2336 τε
852 2294 985 2355 γαρ
1020 2266 1280 2354 φιλήσω
1318 2266 1393 2335 σὲ
1423 2294 1515 2347 ως
1546 2269 1837 2356 ἐκείνην,
1874 2265 2044 2355 κάμε
2081 2267 2168 2336 σύ

372 2419 398 2465 1
439 2413 509 2465 οι
535 2409 600 2464 δέ
637 2414 677 2463 Ζ
804 2406 996 2478 μόνων
1034 2414 1115 2462 Ρ
1206 2403 1354 2478 αλλ’]
1396 2405 1543 2464 ἄλλα
1581 2410 1680 2463 καὶ
1719 2413 1766 2463 Φ
1895 2402 1970 2473 ὃς
2006 2414 2046 2461 Ζ

235 2473 727 2548 ἵεροσυλλήσαντα
764 2481 810 2530 Ε
836 2482 890 2530 Η
937 2474 1275 2546 ἴεροσύλητα
1311 2481 1357 2530 F
1497 2484 1528 2528 2
1575 2478 1675 2530 καὶ
1714 2475 1820 2548 εἰς]
1867 2477 1950 2540 εἰς
1988 2481 2035 2530 Φ

236 2568 444 2684 ἔβεαλον
479 2617 528 2667 A
647 2620 678 2667 3
716 2608 791 2682 μὴ
834 2610 901 2667 δὲ
940 2614 1044 2682 μιᾶ
1083 2616 1129 2678 Q
1153 2615 1205 2665 D
1233 2617 1275 2665 P
1302 2617 1354 2665 H
1391 2610 1539 2682 μηδε
1578 2613 1682 2680 μιᾶ
1716 2613 1765 2664 Α
1885 2617 1918 2665 4
1951 2614 2171 2681 μιχανῆ

231 2687 277 2738 E
305 2687 358 2736 H
496 2683 596 2749 τῆς
634 2679 700 2735 δὲ
739 2684 785 2733 R
809 2684 849 2732 Z
878 2685 919 2733 P
940 2633 1108 2749 (τὴς)
1147 2682 1249 2749 τῆς
1281 2682 1347 2734 δε
1383 2699 1512 2747 pars
1548 2684 1665 2737 edd.
1790 2684 1821 2732 5
1860 2680 2088 2760 εἴρκτης
2123 2684 2173 2732 V

234 2750 465 2831 εἰρκτης
501 2752 560 2802 M
584 2754 648 2814 P,
696 2754 747 2801 in
782 2751 833 2800 D
881 2745 1111 2830 ειὸκτῆς
1155 2768 1294 2802 corr.
1330 2767 1406 2801 ex
1442 2745 1691 2816 ειρκτῆς,
1733 2742 1960 2831 εἰρκτὰς
1989 2749 2038 2799 Α

230 2823 264 2872 6
302 2812 494 2887 δήμοις
532 2822 576 2870 Ε
615 2818 687 2885 δη
654 2811 804 2898 ημᾶς
840 2819 885 2869 Ρ
923 2817 997 2868 δα
1001 2817 1182 2884 μᾶςν
1246 2861 1249 2864 A
1356 2809 1538 2883 ὄνομα
1584 2823 1635 2867 in
1680 2811 1840 2869 τοῦν.
1878 2820 2087 2868 mutauit
2122 2816 2173 2866 D

387 2891 417 2939 7
457 2883 768 2954 stotzam]
809 2836 1038 2938 ἐλθώνμ
1035 2887 1085 2936 A
1121 2885 1312 2938 ελθῶν
1349 2887 1391 2935 Ρ
1430 2884 1517 2949 (ab
1551 2888 1696 2936 initio
1709 2883 1865 2966 folii)
2022 2888 2055 2937 8
2089 2903 2173 2938 uu.

230 2952 385 3022 γυνή
420 2973 505 3015 τις
532 2958 595 3009 in
630 2955 671 3005 Z
709 2956 784 3006 bis
818 2957 1034 3036 scripta,
1070 2958 1225 3005 semel
1257 2958 1429 3004 deleta
1565 2956 1596 3004 9
1635 2948 1886 3018 φοῖψασα
1921 2954 2004 3003 E?

232 3024 456 3104 καθημ.
494 3025 552 3074 Μ
553 3024 623 3104 Q
648 3023 705 3072 D
876 3026 937 3073 10
973 3015 1278 3104 ἀροτριῶν]
1320 3021 1399 3072 ὧν
1437 3037 1509 3071 eae
1542 3038 1681 3072 corr.
1719 3022 1768 3070 A
1943 3024 2004 3072 11
2042 3007 2206 3085 ἧκε]

232 3080 339 3157 ἧκε
373 3093 421 3141 Ε
446 3093 502 3142 Η
536 3078 687 3157 ἦλθε
726 3090 773 3142 Φ
938 3092 1001 3139 12
1036 3086 1181 3154 πρὸς
1217 3092 1270 3139 in
1308 3092 1352 3138 A
1389 3090 1514 3140 add.
1547 3088 1596 3138 A
1618 3091 1649 3138 2
1813 3091 1876 3140 13
1910 3089 2115 3153 πυθομ
2118 3086 2175 3139 ε’-

232 3175 356 3216 νοις
391 3161 436 3210 Ρ
577 3160 642 3210 14
676 3158 758 3209 τί·
739 3150 982 3223 -δήποτε
1019 3158 1059 3206 Ζ
1097 3157 1158 3209 τί
1185 3151 1270 3235 δή
1304 3172 1446 3207 ποτε
1482 3158 1527 3207 E
1552 3155 1608 3206 Η
1633 3157 1684 3207 Κ
1710 3172 1743 3204 v
1786 3157 1966 3222 ubique
2003 3154 2058 3207 τὶ
2075 3105 2173 3221 μδή

232 3242 374 3278 ποτε
410 3227 459 3275 R
513 3217 793 3306 τίὸήποτε
829 3240 862 3275 a
1035 3216 1201 3291 καγῶ
1234 3224 1286 3274 D
1312 3225 1365 3273 H
1408 3222 1566 3289 καγῶ
1601 3226 1666 3289 Ρ,
1712 3231 1766 3273 ut
1801 3240 1983 3303 saepe
2040 3260 2084 3293 ω
2251 3221 2256 3226 ’

235 3296 299 3345 15
336 3307 481 3359 φησι
518 3295 563 3344 Ρ
712 3285 967 3360 εὐπρεπῆ
1004 3308 1037 3343 a
1174 3290 1560 3409 κατῶρυὶαι
1541 3291 1585 3341 Ρ
1736 3293 1800 3340 16
1834 3286 2086 3349 κλαύσας
2122 3289 2173 3339 D

234 3380 277 3413 ω
313 3365 435 3412 add.
472 3361 524 3411 D
547 3364 579 3412 2
718 3358 846 3427 τῆς]
876 3377 964 3419 τις
1000 3362 1043 3411 Ρ
1169 3363 1229 3410 17
1266 3376 1377 3426 την
1454 3349 1602 3425 υτήν
1637 3359 1672 3409 b
1714 3359 1847 3409 1530
1964 3360 2028 3408 18
2062 3351 2172 3408 πάι-

233 3481 406 3533 θεσιν
442 3475 512 3559 Q'
578 3490 585 3498 '
667 3483 728 3531 19
765 3443 1001 3544 officum
1044 3478 1121 3528 D
1146 3494 1196 3529 ει
1232 3478 1336 3528 1)2
1373 3468 1652 3537 σύνειμεν
1697 3474 2173 3526 REHFJKZv

274 3591 285 3600 .
370 3539 830 3630 &rebvsRKZ'
916 3544 1631 3625 osMQEHDZFJv
1744 3537 2061 3595 ἔκείνωνΡ

233 3607 451 3683 κᾶμέγε
489 3609 559 3666 σὺ
598 3615 643 3678 Q
683 3605 830 3680 κάμέ
868 3628 936 3664 συ
977 3613 1028 3663 D
