2563 4087
852 261 882 298 e
914 242 1104 297 codice
1133 242 1438 297 Dresdensi
1464 242 1512 295 D
1545 248 1631 297 33.
2088 237 2209 300 199

263 366 581 433 Συντύπα,
631 361 726 425 ὅτι
772 366 1050 438 μεγάλαις
1094 376 1287 439 τιμαῖς
1333 370 1431 424 καὶ
1478 371 1722 438 δωρεαῖς
1758 365 1835 423 νά
1872 371 1975 424 τοῦ
2036 364 2207 440 δαίσῃ.

261 451 452 516 οὕτως
495 448 814 524 έσῦντυχαν
845 454 994 525 μαζῇ
1024 451 1055 508 ὁ
1084 452 1354 520 βασιλεὺς
1373 454 1472 510 καὶ
1507 448 1537 509 ὁ
1588 449 1912 523 φιλόσοφος
1948 456 2047 509 καὶ
2086 446 2207 508 ολοι

263 537 330 593 οἷ
349 540 563 608 πρῶτοι
588 540 688 593 καὶ
733 534 973 608 μεγάλοι
1003 533 1294 608 ἄρχοντες.
1333 540 1433 593 καὶ
1475 537 1697 607 ἔκαμαν
1724 540 1825 592 καὶ
1869 534 2203 608 ὁμολογιᾞαν
2252 549 2258 555 “

261 644 358 680 οτι
396 623 500 677 διὰ
532 621 599 690 ἐξ
636 625 814 693 μῆνες
833 624 934 678 καὶ
955 621 1056 693 ἔξη
1094 616 1269 691 ὥραις
1306 618 1381 676 vo}
1406 621 1546 693 γένῃ
1581 618 1611 677 ὁ
1638 619 1765 685 υίὸς
1802 616 1903 678 τοῦ
1929 621 2208 693 βασιλέως

263 706 629 778 διδαγμένος
663 710 892 763 τελειάν
929 705 1037 775 τὴν
1075 710 1432 776 φιλοσοφίαν
1459 707 1545 770 εἰς
1583 703 1648 762 τὸ
1677 700 1871 777 ἄκρον.
1911 707 1965 762 εἰ
2001 706 2069 762 δὲ
2107 709 2205 762 καὶ
2234 713 2260 751 ⁵

199 836 224 851 „
262 791 379 848 δεν
427 790 595 863 γένῃ,
649 787 724 846 νὸι
773 787 1026 846 κόπτουν
1080 793 1190 859 τη“ν
1243 787 1513 861 κεφαλὴν
1568 793 1671 846 τοῦ
1721 787 2004 846 Συντύπα
2049 787 2205 845 ωσάν

263 873 399 940 ἑνός
434 879 621 932 κακοῦ
669 878 894 946 λῃστοῦ,
946 873 1021 939 ὡς
1069 870 1157 930 ὅτι
1208 876 1315 931 δὲν
1358 875 1460 931 τὸν
1507 875 1758 946 ἔμαθεν·
1809 875 1935 945 ἔτζη
1974 874 2204 944 ἔκαμεν.

404 969 453 1029 4,
492 968 560 1017 20
614 957 863 1031 ἴστόρισε
903 959 1050 1025 τοὺς
1086 968 1318 1030 τεῖχους
1365 981 1495 1030 του,
1544 954 1701 1017 ὦσᾶν
1748 963 1946 1031 βιβλία
1982 962 2081 1014 καὶ
2120 963 2209 1015 δι-

259 1049 483 1116 δαχαῖς
516 1048 524 1115 Ι
555 1051 603 1112 5,
643 1053 811 1101 3-13
838 1042 1103 1115 ἐγνώριζε
1138 1048 1318 1101 παιδί
1339 1066 1479 1116 μου,
1521 1037 1610 1100 ὅτι
1635 1037 1755 1099 ὦσα
1783 1042 1935 1099 εἶναι
1961 1045 2045 1107 εἰς
2070 1042 2207 1107 τοὺς

259 1139 495 1202 τεῖχους
531 1128 921 1200 ΐστορισμένα,
958 1124 1063 1199 ὅλη
1084 1126 1244 1199 σουὴ
1285 1133 1512 1199 σπουδῆ
1534 1125 1691 1198 καὶὴ
1731 1124 2205 1197 μάθησιςεῖναι·

253 1207 419 1285 ὅμως
438 1211 600 1285 μάθε
619 1219 804 1269 καλλᾶ
823 1216 922 1270 καὶ
942 1211 1194 1282 τεχνικὰ.
1222 1216 1323 1269 καὶ
1348 1208 1641 1283 έκοὲθησεν
1659 1207 1690 1267 ὁ
1727 1233 1788 1281 φ.
1807 1214 1908 1267 καὶ.
1933 1209 2207 1267 ἐδίδασκέ

255 1320 368 1355 τον
403 1307 534 1363 ταῖς
570 1297 878 1368 ἴστορίαις·
914 1300 1013 1353 καὶ
1051 1294 1081 1352 ὃ
1120 1297 1248 1362 νέος
1277 1318 1349 1369 με
1377 1298 1634 1368 μεγάλην
1665 1295 1927 1366 σπουδὴν
1946 1298 2046 1351 καὶ
2086 1293 2208 1352 έπι-

251 1382 503 1455 μέλειαν
550 1379 887 1453 ἔκαρδιῶθη
914 1379 1096 1438 nan&
1142 1379 1577 1453 τὰ’μαθη’ματα.
1625 1375 1777 1436 ἄλλα
1814 1383 1914 1436 καὶ
1952 1376 1982 1436 ὁ
2035 1384 2207 1436 διδα-

251 1475 475 1531 σκαλος
511 1487 579 1538 με
620 1466 878 1538 μέγαλην
915 1469 1147 1535 διορίαν
1192 1461 1596 1536 έμαθήτευσεν
1643 1459 1850 1520 αὐτὸν·
1906 1462 1979 1520 τοὶ
2026 1462 2208 1520 ὁποία

259 1547 519 1616 οὗδένας
584 1548 759 1617 ἄλλος
823 1547 1175 1615 διδάσκαλος
1250 1550 1355 1607 δὲν
1417 1545 1601 1619 ἤθελε
1664 1552 1903 1620 δυνηθῇ
1966 1571 2044 1604 να
2104 1547 2207 1605 τὸν

256 1632 450 1707 μάθῃ.
485 1639 492 1704 Ι
525 1641 573 1703 5,
615 1640 678 1690 15
715 1634 894 1705 λέγει·
935 1627 1137 1705 αὖριον
1172 1657 1258 1705 κρ.
1286 1638 1364 1708 β.,
1389 1634 1430 1695 ἔ.
1452 1631 1517 1690 τὸ
1551 1637 1753 1702 παιδί,
1794 1634 1891 1689 καὶ
1928 1634 2001 1690 vn?
2026 1637 2207 1705 χαρῆς

253 1717 541 1792 μεγάλος·
597 1713 690 1775 ὅτι
736 1716 943 1776 §mecvm
987 1716 1136 1776 ὁποῦ
1183 1715 1487 1789 έπεθύμας
1540 1716 1614 1774 να
1664 1717 1796 1789 ἰδῆς
1848 1712 1964 1774 ἀπὸ
2008 1721 2206 1789 πολῆς,

255 1805 405 1861 ἰδοῦ
458 1799 722 1875 εὖγῆκαν
778 1807 832 1871 (ι’.
871 1826 918 1859 ε.
958 1800 1261 1875 ἐξέβησαν)
1317 1802 1383 1858 αἰ
1428 1799 1663 1859 έλπίδαι
1720 1821 1823 1858 σου
1879 1802 1963 1867 εἰς
2020 1803 2202 1873 ἔργον.

255 1881 419 1959 ὅμως
459 1885 554 1943 ἐπὶ
594 1885 703 1958 τὴν
738 1883 972 1958 αὔριον,
1021 1880 1175 1958 ὥραν
1211 1892 1447 1958 τρίττην
1486 1889 1589 1953 τῆς
1635 1885 1710 1956 ἡ.,
1749 1889 2136 1956 παραγίνεται
2173 1883 2202 1942 ὁ

252 1970 395 2037 υἱός
434 1992 555 2028 σου.
591 1977 600 2042 Ι
632 1981 678 2029 5.
706 1979 765 2028 19
790 1975 1027 2027 καὶ-22
1064 1993 1141 2027 om
1171 1973 1181 2041 Ι
1211 1980 1259 2038 6,
1289 1979 1320 2027 3
1342 1970 1424 2034 εἰς
1450 1971 1550 2026 τὸν
1576 1972 1799 2058 πατέρα
1837 1989 1941 2025 σου
1975 1972 2075 2025 καὶ
2101 1973 2203 2039 βα-

252 2092 430 2149 σιλέα
460 2101 467 2162 Ι
501 2100 551 2160 6,
576 2097 709 2147 5-8
729 2086 820 2147 ὅτι
857 2132 870 2147 .
892 2135 905 2149 .
927 2090 1074 2163 γέν.]
1103 2084 1191 2145 ὅτι
1235 2084 1309 2145 ἂν
1355 2086 1457 2145 τὸν
1493 2107 1596 2146 στυ
1637 2093 1913 2158 (στείλη),
1967 2093 2066 2144 καὶ
2105 2110 2204 2143 να·

248 2176 379 2248 μὴν
400 2176 672 2233 εἶναικαὶ
712 2171 742 2230 ὃ
782 2171 1104 2245 φιλόσοφος
1139 2170 1290 2244 μαζή
1311 2194 1442 2243 του,
1479 2174 1786 2245 'GMw—22
1826 2165 1898 2230 ἂν
1935 2177 2037 2230 σοῦ
2075 2169 2209 2245 ἀρέ-

250 2282 413 2329 σκει,
452 2258 647 2331 ναμήν
682 2257 886 2329 ’ὑπάγω
925 2259 1009 2323 εἰς
1055 2258 1157 2314 τὸν
1193 2260 1417 2328 πατέρα
1463 2279 1603 2328 μου,
1662 2252 1800 2314 ὅσον
1837 2257 2042 2328 καιρὸν
2078 2255 2205 2330 ὥρι’-

245 2365 390 2417 σ-ης,
428 2342 575 2417 μήτε
621 2364 696 2399 να
741 2345 845 2401 τοῦ
892 2339 1153 2414 συντύχω
1192 2347 1284 2412 (cf.
1310 2352 1343 2398 l.
1369 2345 1424 2414 2)
1471 2345 1786 2418 παντελῶς.
1843 2346 1943 2399 καὶ
1984 2340 2205 2405 έκείνος

253 2430 444 2500 λέγει·
484 2429 587 2492 ‹532-
624 2424 877 2498 δύνομαι
913 2424 987 2483 νόι
1039 2419 1185 2498 εὗγω
1233 2429 1294 2496 (ι’.
1335 2449 1380 2487 e.
1419 2425 1585 2498 έκβῶ)
1633 2427 1741 2495 ἔξω
1792 2422 1904 2483 ἀπὸ
1942 2426 2045 2483 τὸν
2083 2446 2206 2481 και-

245 2513 363 2584 ρὸν
399 2510 547 2570 ὁποῦ
587 2514 804 2584 ἔχωμεν
840 2510 948 2581 τὴν
987 2516 1217 2582 διορίαν
1261 2509 1336 2568 νά
1376 2508 1628 2581 ὑπάγης·
1677 2507 1830 2567 διότι
1875 2505 2079 2580 αὔριον
2114 2529 2205 2566 τε·

251 2594 542 2655 λειῶνουν
581 2597 639 2653 οἱ
681 2596 744 2666 ἓξ
791 2599 973 2668 μῆνες
1018 2600 1119 2653 καὶ
1164 2595 1230 2652 οἵ
1265 2596 1366 2667 ἕξη
1404 2589 1600 2665 ὥραις·
1650 2598 1750 2650 καὶ
1790 2593 1890 2650 δὲν
1926 2593 2088 2648 θέλω
2125 2591 2202 2648 vo}

249 2679 490 2751 εὖρεθῶ
527 2685 798 2753 ψεῦστης.
854 2685 865 2752 Ι
916 2689 964 2748 6,
990 2689 1057 2736 24
1092 2681 1376 2747 δευτέραν
1423 2674 1578 2749 ὥραν
1632 2682 1640 2748 Ι
1694 2684 1743 2746 6,
1781 2685 1848 2734 25
1901 2674 2004 2733 τὸν
2041 2681 2204 2750 βασι·

255 2767 368 2823 λέα
420 2788 514 2823 om.
569 2774 778 2836 saepius
832 2769 839 2834 Ι
894 2773 941 2832 7,
984 2773 1010 2820 1
1049 2760 1221 2820 ἄλλαι
1256 2786 1335 2820 om
1387 2768 1395 2834 Ι
1451 2771 1591 2831 7,13
1643 2765 1744 2819 καὶ
1798 2759 1948 2826 έσεῖς
2001 2765 2011 2832 Ι
2064 2769 2112 2830 7,
2143 2769 2202 2818 17

246 2860 363 2907 alia
397 2864 663 2908 structura
699 2846 808 2921 Ιὼς
858 2851 956 2905 καὶ
1001 2852 1197 2919 πρῶτα
1227 2852 1237 2918 Ι
1268 2856 1317 2911 7,
1355 2853 1541 2911 25-8,
1583 2855 1610 2901 1
1664 2844 1740 2903 νά
1786 2843 2057 2917 θερμᾶνη
2103 2843 2206 2901 τὸν

248 2938 402 2992 νοῦν
437 2956 543 2992 του
582 2935 666 3000 εἰς
704 2937 1095 2991 διδασκαλίαν
1113 2935 1213 2988 καὶ
1233 2929 1498 3003 μα’θησιν
1535 2934 2030 3002 τῆςτφιλοσοφιάς
2060 2934 2069 3000 Ι
2100 2938 2147 2997 8,
2174 2938 2206 2985 2

248 3042 333 3078 om
369 3017 408 3090 ἢ
439 3023 449 3089 Ι
478 3027 531 3089 8,
558 3026 591 3076 8
625 3022 727 3075 καὶ
766 3022 899 3082 ἴσως
931 3031 938 3085 Ι
970 3024 1018 3084 8,
1050 3024 1110 3073 12
1131 3016 1204 3081 ὡς
1242 3011 1496 3087 ἤκουσεν
1529 3011 1738 3084 οὕτως,
1777 3012 2029 3072 έλυπάτο
2054 3012 2202 3070 κατα

248 3128 302 3161 τ.
343 3125 395 3164 κ.
445 3107 571 3174 (om.
617 3104 718 3159 καὶ
757 3108 834 3170 α.)
867 3107 875 3171 Ι
907 3109 957 3169 8,
998 3109 1060 3157 17
1097 3103 1237 3157 καὶ.
1262 3141 1274 3154 .
1307 3097 1405 3171 σὺ]
1454 3103 1556 3156 καὶ
1601 3096 1675 3155 νά
1725 3096 1845 3169 ὖπῆ
1892 3101 2048 3171 (εἰπῇ
2087 3107 2121 3153 ι’.
2158 3119 2205 3157 e.

251 3192 418 3260 εἴπῃ)
452 3193 463 3255 Ι
491 3195 541 3255 8,
568 3194 635 3243 25
671 3189 824 3258 τῶρα
872 3188 1064 3257 (nunc)
1089 3181 1367 3257 ἐγνώρισα
1391 3182 1499 3253 τήν
1526 3183 1726 3240 αἰτίαν
1761 3185 1921 3239 διατὶ
1964 3180 2204 3244 σιωπάς·

261 3275 369 3329 καὶ
407 3272 709 3330 στέκαισαι
748 3271 1036 3340 (στέκεσαι
1081 3277 1116 3326 ἰ.
1152 3291 1200 3329 e.
1237 3269 1505 3340 ἕστηκας,
1548 3268 1620 3337 εἶ)
1660 3269 1829 3324 τόσον
1864 3264 2069 3333 καιρὸν
2105 3261 2205 3320 ἄλ·

395 3415 426 3462 2
466 3403 845 3493 έσυντυχαν]
852 3412 1130 3463 conlocuti
1156 3415 1287 3461 sunt
1392 3407 1538 3477 μαζῇ
1577 3406 1720 3483 μαζί
1751 3414 1918 3456 natum
1954 3422 2025 3455 ex
2061 3395 2205 3454 ‹302-

250 3479 387 3531 διον
425 3489 504 3530 est
537 3483 571 3530 ι’.
610 3497 659 3545 q.
699 3472 845 3545 ομοῦ
982 3483 1032 3530 4.
1072 3479 1104 3528 6
1140 3473 1298 3546 γένει
1421 3480 1452 3527 6
1489 3481 1522 3530 ι’.
1560 3492 1605 3527 e.
1644 3465 1894 3525 κόπτωσι
2061 3421 2207 3536 ομα-

252 3548 378 3598 θεν
411 3550 444 3597 ι’.
484 3563 526 3600 e.
535 3539 808 3611 ἐδίδαξεν
985 3543 1242 3612 ἕκαμανῗ
