2563 4087
1092 261 1337 328 Aesopus
1372 263 1400 313 I
2087 261 2212 327 267

273 418 497 488 αὐτὸν
560 418 952 505 ἀπαχθῆναι
1010 419 1284 488 κελεύει.
1385 417 1811 507 ἀπαγόμενος
1869 428 2111 490 τοίνυν
2173 419 2210 489 ὁ

273 531 600 600 Αἴσωπος
638 521 942 610 ἔκραξεν·
997 518 1239 612 ,,ὁρᾷς,
1277 511 1329 588 ὦ
1369 523 1720 610 στρατηγέ,
1767 519 1948 602 ὅπως
1984 520 2214 612 ὀρθῶς

271 621 698 710 ἀπεκρίθην·
683 674 699 704 ,
753 619 797 688 ἃ
845 622 977 709 γὰρ
1011 622 1107 710 μὴ
1145 621 1636 711 προσεδόκησα,
1673 623 1789 691 καὶ
1823 623 2213 711 συνήντησά

271 744 406 810 σοι,
442 725 559 791 καὶ
597 729 695 802 εἰς
732 723 1004 810 εἱρκτὴν
1041 721 1169 811 ἤδη
1206 722 1620 811 ἀπάγομαι.“
1692 726 1810 794 καὶ
1850 723 1886 793 ὁ
1926 747 2212 815 στρατη-

272 825 395 912 γός
435 825 793 910 ἐκπλαγεὶς
832 826 943 894 ἐπὶ
990 827 1085 916 τῷ
1121 828 1237 911 τῆς
1284 819 1659 911 ἀπολογίας
1699 827 1975 918 ἑτοίμῳ,
2029 825 2213 914 ἀφῆ-
2240 854 2266 894 5

269 953 392 994 κεν
453 924 752 995 ἀπιέναι·
829 935 1148 1006 Αἴσωπος
1210 926 1290 995 δὲ
1349 926 1897 1013 παραγενόμενος
1968 936 2067 1009 εἰς
2136 927 2211 996 τὸ

268 1034 640 1114 βαλανεῖον
690 1029 805 1097 καὶ
855 1029 1118 1114 πλῆθος
1169 1030 1243 1096 έν
1291 1026 1478 1119 αὐτῷ
1527 1027 1945 1116 θεασάμενος
1981 1026 2213 1116 ὄχλου,

269 1131 389 1197 καὶ
426 1136 631 1199 λίθον
665 1127 796 1218 ὁρᾷ
833 1128 1003 1197 κατὰ
1036 1128 1113 1197 τὸ
1151 1133 1269 1216 τῆς
1298 1128 1572 1199 εἰσόδου
1611 1135 2017 1216 μεσαίτατον
2066 1139 2211 1199 κεί-
2248 1157 2414 1211 μευ..

268 1257 510 1319 μενον,
558 1229 656 1318 ἐφ’
698 1226 780 1298 ὃν
831 1233 1109 1311 ἕκαστος
1156 1234 1298 1299 τῶν
1340 1230 1695 1300 εἰσιόντων
1729 1257 1802 1299 τε
1843 1233 1958 1299 καὶ
1997 1231 2212 1312 ἐξιόν-

270 1359 413 1400 των
447 1331 569 1400 τὸν
618 1332 798 1401 πόδα
847 1333 1266 1420 προσέπταιε.
1322 1335 1569 1400 τοῦτον
1603 1331 1680 1400 δὲ
1716 1326 1813 1411 εἷς
1847 1358 1946 1411 τις
1981 1332 2212 1401 εἰσιών
2240 1361 2290 1401 10

273 1432 379 1520 ἐφ’
420 1423 473 1525 ᾧ
511 1433 915 1520 λούσασθαι,
951 1431 1120 1523 ἄρας
1155 1435 1542 1522 μετέθηκεν.
1615 1431 2049 1524 ὑποστρέψας
2085 1424 2214 1502 οὖν

269 1532 447 1622 πρὸς
482 1534 604 1603 τὸν
641 1534 1001 1621 δεσπότην,
1055 1541 1171 1621 ,,εἰ
1217 1534 1557 1614 κελευέιςιί
1620 1543 1794 1622 φησί
1845 1536 2211 1623 ,,δε’σποτα,

269 1629 677 1721 λούσασθαι,
729 1639 848 1704 ἕνα
896 1633 1267 1724 ἄνθρωπον
1317 1639 1390 1705 έν
1438 1638 1532 1727 τῷ
1581 1643 1924 1729 βαλανείῳ
1971 1638 2211 1705 τεθέα-

267 1736 459 1825 μαιίί.
522 1739 637 1806 καὶ
674 1740 796 1806 τοῦ
834 1738 1116 1815 Ξάνθου
1158 1738 1476 1818 ἐλθόντος
1511 1739 1627 1806 καὶ
1662 1737 1739 1805 τὸ
1778 1740 2040 1825 πλῆθος
2074 1743 2213 1807 τῶν

271 1839 669 1926 λουομένων
713 1837 979 1918 ἰδόντος
1014 1841 1129 1907 καὶ
1182 1846 1301 1925 ,,τί
1344 1837 1618 1923 τοῦτο,“
1675 1839 1987 1919 εἰπόντος
2028 1849 2212 1924 „Ac-
2240 1865 2289 1905 15

267 1962 493 2021 σωπε;
544 1937 670 2027 οὐχ
721 1943 841 2009 ἕνα
876 1937 1247 2025 ἄνθρωπον
1287 1946 1450 2026 ἔφης
1493 1939 1855 2026 ἑωρακέναι
1879 1938 1945 2022 ;“
1997 1937 2032 2008 ὁ
2092 1944 2214 2009 Αἰ-

268 2062 499 2121 σωπος
552 2041 809 2128 ,,ναί·“
874 2049 1048 2130 φησί
1092 2094 1134 2130 ,,
1153 2038 1274 2109 τὸν
1310 2040 1443 2128 γὰρ
1480 2047 1683 2109 λίθον
1732 2041 2099 2128 έκεῖνον“,’
2127 2045 2210 2130 τῇ

273 2145 443 2232 χειρὶ
492 2145 738 2230 δείξας,
790 2143 971 2231 ,,πρὸ
1017 2147 1135 2228 τῆς
1171 2142 1445 2211 εἰσόδου
1481 2149 1792 2229 κείμενον
1827 2132 2058 2231 εὗρον,
2109 2143 2208 2230 ἐφ’

272 2241 354 2336 ὃν
414 2251 487 2315 οἱ
541 2244 859 2325 εἰσιόντες
919 2244 1167 2324 πάντες
1226 2244 1340 2311 καὶ
1391 2242 1675 2325 ἐξιόντες
1740 2245 2208 2333 προσέπταιον.

269 2342 371 2426 εἷς
399 2348 484 2415 δέ
503 2374 601 2427 τις
629 2347 795 2435 πρὶν
819 2342 862 2432 ἢ
891 2361 1343 2434 προσπταῖσαι
1382 2344 1551 2434 ἄρας
1590 2346 1974 2433 μετέθηκεν.
2035 2350 2210 2416 ἐκεῐ-
2238 2372 2288 2411 20

265 2474 396 2515 νον
434 2439 562 2516 οὖν
600 2451 720 2517 ἕνα
748 2445 1121 2536 ἄνθρωπον
1150 2445 1343 2515 εἶπον
1376 2448 1762 2536 ἑωρακέναι,
1801 2448 2210 2536 προτιμήσας

409 2682 436 2729 1
475 2681 611 2729 inter
646 2676 845 2729 τοίνυν
881 2685 932 2729 et
968 2668 998 2729 ὁ
1034 2680 1088 2727 in
1125 2678 1173 2740 Q
1218 2679 1395 2727 littera
1429 2692 1583 2726 erasa
1745 2679 1778 2726 4
1817 2669 2050 2743 εἰρκτήν
2086 2678 2137 2727 V
2162 2679 2207 2740 Q

270 2746 313 2794 Ζ
338 2745 393 2796 Η
431 2738 701 2813 εἰρρκτήν
734 2745 780 2827 Ρ
926 2747 957 2796 ὅ
994 2736 1299 2820 ἐκπλαγεὶς
1335 2746 1386 2793 in
1424 2744 1473 2793 K
1509 2747 1562 2793 in
1596 2760 1755 2810 marg.
1791 2747 1961 2808 suppl.
2111 2743 2207 2812 τῷ]
2316 2785 2373 2834 ·

271 2805 336 2864 τὸ
376 2814 423 2876 Q
563 2816 596 2864 8
631 2809 943 2877 μεσέτατον
979 2813 1024 2861 Ε
1072 2803 1431 2877 μεσοὶστατον
1467 2812 1519 2860 H
1657 2814 1688 2861 9
1734 2809 1937 2862 τῶνει-
1950 2806 2075 2862 σιόν
2112 2828 2210 2862 τον

268 2883 334 2933 Ρ.
374 2882 547 2947 qualia
578 2883 870 2946 plerumque
902 2882 1232 2961 praetermisi
1267 2892 1270 2895 ’
1335 2882 1399 2930 10
1424 2896 1496 2943 πρ
1500 2874 1767 2930 οσέπτεαι
1793 2895 1826 2929 a
1936 2874 2020 2940 εἷς
2044 2896 2135 2931 om.
2163 2881 2210 2930 R

271 2898 514 3005 δἐἷςΖ
690 2939 865 3013 11ἕφ
903 2936 1130 3011 ὦΒΚ,
1177 2897 1637 3011 ἒφῶΜΩεἫΒΗ
1673 2947 2188 3010 P(erasal.v)‚a

268 3007 395 3085 έφῷ
431 3015 466 3065 b
493 3012 579 3080 (Z)
726 2964 1055 3081 μετέθηκεν
1089 3032 1228 3066 corr.
1265 3014 1314 3063 A
1346 3029 1415 3069 m.
1446 3030 1527 3079 pr.
1562 3031 1632 3065 ex
1666 3012 1930 3144 μεθῆκεν
2086 2964 2208 3080 obv}

269 3126 339 3184 δὲ
377 3133 428 3182 Κ
544 3136 607 3184 13
645 3131 905 3199 βαλανίω
938 3133 987 3182 A
1113 3127 1371 3197 τεθέαμε
1410 3132 1450 3180 Ζ
1583 3137 1643 3184 15
1681 3100 1915 3194 ἰδόντες
1950 3133 1996 3195 Q
2033 3150 2099 3182 m.
2126 3148 2207 3198 pr.

444 3216 631 3301 αἴσωτξ
667 3252 734 3317 Q,
768 3258 890 3317 post
924 3266 967 3301 π
1001 3266 1191 3301 rasura
1368 3252 1431 3300 16
1475 3241 1601 3315 οὐχ’
1642 3251 1687 3299 Ε
1711 3251 1766 3300 H
1939 3253 2002 3301 17
2040 3247 2139 3300 καὶ
2179 3242 2209 3299 ὁ

267 3317 527 3376 αἴσωπος
562 3318 627 3380 V,
666 3335 761 3370 om.
802 3318 850 3369 Φ
875 3318 921 3380 Q
1040 3331 1220 3384 φησιν
1255 3319 1303 3368 Ε
1331 3320 1382 3369 Κ
1405 3317 1446 3366 Ζ
1471 3333 1508 3366 v
1622 3320 1685 3368 18
1722 3316 1921 3380 δείξας
1956 3315 2025 3382 τῆ
2063 3315 2208 3383 χειρὶ

268 3387 346 3449 Q3
394 3388 447 3436 in
482 3386 533 3435 D
579 3393 697 3450 post
744 3379 972 3437 ἐκεῖνον
1014 3389 1199 3436 lacuna
1243 3395 1323 3436 est
1363 3393 1556 3469 septem
1596 3386 1714 3449 sere
1758 3387 2041 3435 litterarum

271 3457 335 3504 19
374 3447 435 3505 οἷ
465 3470 559 3506 om.
598 3455 644 3516 Q
776 3449 1053 3511 εἰσίοντες
1090 3453 1129 3501 Ζ
1264 3450 1368 3504 καὶ
1405 3447 1464 3504 οι
1499 3444 1578 3517 ἐξ.
1617 3453 1667 3501 Ι)
1783 3445 1933 3529 πρὸς
1970 3449 2209 3501 πταίσαι

269 3520 454 3604 ςννεὶ.
456 3517 610 3587 .σας)
648 3520 692 3570 Ρ
862 3523 929 3572 20
974 3515 1264 3585 μετέθηκε
1303 3522 1351 3571 R
1523 3522 1587 3570 21
1636 3514 1736 3569 ἕνα
1775 3509 1915 3569 ὄντα
1951 3510 2124 3581 ἅνθρ.
2162 3520 2207 3582 Q

270 3604 379 3639 ενα
415 3580 556 3639 ἅτον
593 3589 637 3638 Ρ
835 3636 844 3644 ,
