2563 4087
443 242 528 307 70
1145 266 1152 272 -
1259 241 1384 295 v11.
1424 194 1473 293 ε.
1508 244 1561 300 2.

444 384 559 453 καὶ
600 383 988 471 ἐπαινετόν,
1024 380 1196 452 ἀλλὰ
1235 381 1322 451 δι’
1366 380 1585 472 ὄρεξιν
1621 385 1736 451 καὶ
1772 390 2048 470 μανίαν.
2121 383 2239 451 καὶ
2274 381 2374 452 διὰ

445 488 651 555 τοῦτο
713 484 1030 573 οὐδαμῶς
1092 483 1360 572 οὐδαμῆ
1437 485 1674 575 πρέπει
1735 484 2072 554 πιστεύειν
2146 483 2376 571 αὐτήν.

448 585 628 676 ὅμως
663 588 777 655 καὶ
815 583 1020 675 ἄλλης
1058 586 1429 675 διηγήσεως
1464 613 1598 675 μου
1635 585 1922 655 α’κοῦσαι
1958 588 2345 675 παρακαλῶ.

593 687 798 776 Ἀνήρ
831 713 930 769 τις
963 688 1296 779 ὑπῆρχεν,
1330 685 1408 769 ὃς
1438 686 1698 776 ῶμοσεν
1734 695 1833 768 είς
1864 686 2109 757 ἑαυτὸν
2137 691 2266 756 τοῦ
2298 689 2380 774 μὴ

393 820 419 860 5
447 798 728 859 καθίσαι
763 796 861 870 εἰς
889 793 1009 860 ἕνα
1035 788 1250 859 τόπον
1276 785 1318 879 ἢ
1346 797 1445 870 εἰς
1472 789 2075 878 παραδιαβασμούς
2114 787 2209 868 ῶς
2238 790 2379 868 νέος

447 895 888 980 περιπατῆσαι
912 892 1080 981 μηδὲ
1115 908 1414 979 γυναῖκα
1441 899 1706 981 λαβεῖν,
1736 894 1862 971 ἕως
1890 888 2051 959 ὅτου
2079 891 2166 959 να
2197 891 2376 979 μάθῃ
2453 934 2458 941 -

445 994 567 1075 τὰς
620 1001 948 1083 πονηρίας
999 992 1159 1074 ὅλας
1207 995 1323 1063 καὶ
1373 993 1456 1062 τοὶ
1505 994 1927 1080 τεχνάσματα
1972 994 2112 1061 τῶν
2158 996 2377 1061 κακῶν

448 1099 814 1182 γυναικῶν.
878 1095 993 1164 καὶ
1028 1094 1150 1164 τὰν
1178 1096 1505 1184 λογισμὸν
1539 1100 1788 1164 τοῦτον
1828 1100 2000 1180 ἔχων
2031 1097 2106 1163 ἐν
2136 1096 2373 1184 ἑαυτῷ,

241 1226 348 1274 p.89
366 1225 419 1266 B.
451 1197 688 1286 ἐξῆλθε
723 1200 840 1286 τῆς
880 1203 1059 1278 ἰδίας
1086 1201 1447 1287 πατρίδος,
1485 1198 1600 1265 καὶ
1638 1196 2014 1286 περιεπάτει
2049 1194 2219 1264 κατά
2256 1195 2378 1264 πό-

372 1327 420 1365 10
448 1309 554 1369 λιν
601 1301 717 1369 καὶ
753 1299 1018 1388 χώραν,
1069 1310 1321 1386 μαθεῖν
1370 1297 1770 1382 σπουδάζων
1817 1295 1989 1387 ἅπερ
2034 1296 2375 1386 ἠβούλετο.

447 1400 648 1482 ἄλλος
684 1403 767 1471 δέ
795 1427 893 1480 τις
930 1399 1296 1489 ἅνθρωπος
1327 1403 1402 1469 ἐν
1427 1404 1512 1488 τῇ
1543 1399 1900 1488 ὁδοιπορίᾳ
1930 1399 2397 1485 σ·υναντήσας,,

444 1503 790 1590 ἠρώτησεν
838 1500 1082 1570 αὐτόν·
1145 1504 1259 1570 καὶ
1325 1501 1418 1581 ῶς
1465 1500 1764 1588 ἤκουσεν
1820 1498 2080 1587 αὐτοῦ,
2127 1499 2227 1568 ὅτι
2274 1497 2373 1568 διὰ

446 1607 587 1672 τῶν
615 1605 957 1691 πονηριῶν
985 1607 1125 1671 τῶν
1154 1608 1503 1690 γυναικῶν
1532 1618 1907 1691 περιπατεῖ,
1942 1612 2195 1691 μαθεῖν
2219 1608 2377 1690 βου-

403 1704 731 1792 ,λόμενος
783 1703 928 1792 [τὰς
983 1703 1375 1794 πονηρίας],
1442 1696 1544 1791 ,,ῶ
1598 1703 1955 1791 ἄνθρωπε,
2003 1704 2224 1791 μάτην
2271 1728 2378 1769 κο-

372 1834 421 1874 15
450 1805 690 1898 πιᾷς·“
740 1814 951 1894 φησίν
1002 1805 1133 1894 ,,οὐ
1190 1807 1323 1894 γὰρ
1372 1806 1640 1896 δυνήσῃ
1689 1806 1810 1885 τὰς
1857 1809 1998 1874 τῶν
2046 1807 2380 1892 γυναικῶν

448 1908 779 1997 ,,γνω’μας
814 1909 928 1976 καὶ
965 1917 1296 1998 πονηρίας
1345 1907 1578 1996 εὑρεῖν
1627 1904 1668 1995 ἢ
1717 1917 1986 1996 μαθεῖν.
2061 1913 2126 1976 εί
2155 1905 2234 1975 δὲ
2266 1906 2382 1975 θέ-

452 2019 634 2100 „stag
669 2021 920 2099 μαθεῖν
957 2008 1156 2097 ὀλίγα
1191 2009 1342 2079 τινὰ
1384 2008 1477 2091 ῶς
1513 2007 1906 2099 άμετρήτων
1925 2006 2196 2094 οὐσῶν,
2234 2005 2382 2096 εύρὲ

451 2113 712 2201 ,,τόπον
752 2114 901 2181 τινὰ
941 2112 1273 2205 μοναξόν,
1324 2113 1438 2180 καὶ
1477 2111 1725 2193 ου’ναξε
1774 2111 2068 2199 στάκτην
2116 2106 2159 2196 ἢ
2206 2135 2379 2178 κονι-

449 2215 703 2302 ,,ορτόν
761 2218 880 2303 τῆς
930 2218 1054 2300 γῆς
1104 2214 1327 2282 πολύν
1387 2214 1502 2282 καὶ
1551 2213 1839 2282 κάθισον
1889 2212 2119 2282 ἐπάνω
2175 2210 2378 2280 αὐτοῦ

371 2342 422 2381 20
451 2316 997 2404 ,,τεσσαράκοντα
1046 2313 1297 2405 ἡμέρας
1325 2312 1457 2383 καὶ
1506 2316 1761 2395 νύκτας
1810 2313 2084 2401 ὁμοίας,
2142 2316 2383 2383 ἐσθίων

585 2484 616 2531 3
657 2469 975 2546 διηγήσεως
1012 2474 1168 2558 μου]
1186 2479 1318 2529 lianc
1352 2480 1635 2528 inclinandi
1654 2480 1903 2530 rationem
1927 2480 2029 2528 etsi
2054 2478 2247 2540 falsum
2283 2489 2380 2526 esse

447 2556 570 2614 puto
607 2555 774 2598 tamen
808 2549 1009 2626 reliqui
1130 2538 1386 2597 άκοῦσαί
1417 2548 1514 2596 oe?
1555 2536 1842 2597 ἄκουσονῗ
1980 2548 2015 2594 4
2050 2548 2225 2594 lemma
2262 2534 2384 2607 διή-

447 2630 612 2683 γησις
648 2630 752 2667 του
790 2607 971 2666 αὐτοῦ
1009 2604 1263 2679 ἑβδόμου
1301 2606 1631 2678 φιλοσόφου
1826 2616 1859 2663 5
1894 2609 2172 2692 καθίσαι]
2211 2611 2382 2661 sedem

451 2690 619 2749 atque
658 2683 998 2733 domicilium
1036 2682 1376 2732 constituere
1489 2674 2034 2746 παραδιαβασμούς]
2071 2679 2383 2730 libidinibus

453 2752 838 2816 indulgentem
875 2751 1284 2829 circumuagari
1441 2752 1473 2799 6
1511 2747 1716 2815 λαβεῖν
1751 2751 1901 2798 docet
1935 2749 2051 2826 inf.
2068 2764 2181 2800 aor.
2220 2762 2326 2798 esse
2355 2758 2386 2793 a

454 2822 713 2901 scriptore
728 2833 846 2901 pro
875 2825 1034 2868 ectum
1139 2811 1214 2867 νοὶ
1235 2817 1506 2868 barbarum
1530 2825 1608 2867 est
1632 2820 1684 2866 in
1702 2815 1865 2874 ABV,
1885 2817 1956 2869 D.
1995 2804 2383 2895 (ὅτουναμάθη

456 2886 545 2949 V).
582 2881 687 2966 εως
723 2901 799 2936 αν
864 2884 1105 2950 πισταίη
1142 2884 1201 2934 Μ
1359 2887 1421 2933 12
1457 2875 1736 2949 ἦρωτισεν
1771 2883 1819 2933 V
1975 2881 2075 2933 καὶ
2116 2899 2192 2941 ως
2227 2895 2386 2957 ηκον·

458 2968 556 3005 σεν
604 2944 788 3005 αὐτὸν
836 2950 976 3016 (ΑΒ)
1019 2951 1230 3003 Boiss..
1275 2968 1372 3003 om.
1408 2952 1473 3001 V.
1510 2954 1708 3028 scripsi
1748 2941 1960 3002 αυτοῦε
2005 2943 2220 3034 μαθων
2257 2939 2385 3013 πρὸς

459 3014 644 3073 αυτοῦ
669 3021 743 3072 M.
770 3038 818 3070 u.
846 3021 895 3070 D
1014 3014 1116 3071 διὰ
1142 3018 1256 3071 τῶν
1279 3015 1577 3098 πονηριῶν
1612 3022 1650 3070 i.
1676 3035 1719 3068 e.
1746 3010 1850 3069 δια
1873 3034 1979 3077 τας
2004 3016 2286 3083 πονηρίας
2314 3014 2389 3063 uel

458 3092 640 3165 potins
666 3087 780 3139 τῶν
814 3086 1071 3154 ποηριῶν
1109 3082 1283 3140 ἕνεκα
1399 3090 1463 3136 14
1498 3079 1601 3145 τὰς
1637 3085 1918 3151 πονηρίας
1953 3087 2147 3143 deleui3
2181 3083 2386 3160 μαθεῖν

464 3147 814 3235 βουλόμενος
850 3171 1047 3236 quoque
1077 3156 1315 3233 fortasse
1345 3157 1513 3205 eicere
1549 3154 1789 3205 debebam
1939 3154 2003 3203 15
2048 3146 2179 3218 τας]
2213 3142 2384 3206 πάσας

461 3216 659 3303 τας“ἰ’ιν
782 3227 845 3274 17
883 3215 1068 3275 ουσῶν
1105 3222 1200 3272 BV
1238 3212 1431 3273 αὐτῶν
1464 3224 1529 3273 A.
1604 3213 1796 3273 αυτῶν
1834 3211 2024 3271 ουσῶν
2059 3213 2383 3271 Boissonade

598 3307 730 3358 ευρε
764 3291 983 3354 ABVD,
1017 3291 1189 3353 forma
1224 3291 1471 3367 uolyari
1619 3291 1681 3340 18
1718 3280 1952 3366 σύναξε]
1992 3279 2270 3350 σύναξαιῖ
2299 3281 2388 3334 τεά

461 3361 700 3411 hodierni
734 3360 926 3410 Graeci
955 3361 1032 3409 ita
1066 3358 1295 3408 scribunt
1451 3347 1487 3423 ἢ
1524 3348 1822 3422 κονιορτὸν
1856 3372 1950 3410 om.
1987 3356 2067 3408 D:
2103 3361 2366 3428 propter
2338 3365 2383 3400 u·

461 3421 651 3479 πολύν
687 3436 739 3477 et
776 3417 971 3478 ἐπάνω
1010 3415 1187 3477 αὐτοῦ
1213 3428 1379 3477 deleri
1401 3441 1500 3476 non
1530 3432 1734 3489 potest,-
1767 3426 1863 3475 sed
1888 3424 2122 3486 fortasse
2156 3441 2232 3473 uu.
2269 3409 2384 3470 στά·

462 3485 693 3611 κτηνῡῆ
732 3495 967 3545 eicienda
1000 3501 1119 3545 sunt
1323 3495 1391 3543 20
1435 3485 1643 3559 ὁμοίας
1679 3493 1751 3544 V:
1798 3483 2011 3557 ὁμοίως
2047 3490 2186 3557 (ΑΒ)
2221 3486 2385 3539 Boias.

463 3577 539 3611 om
