2563 4087
1097 244 1191 292 Vl.
1231 258 1276 293 s·
1315 246 1364 296 ⁶3.
2115 244 2195 309 61

237 382 370 449 καὶ
406 396 555 460 τοῖς
591 379 894 470 κέντροις
929 385 1046 470 τῆς
1081 391 1515 470 μεταμελείας
1543 388 1848 471 χαλεπῶς
1880 393 1999 475 ἔσῃ
2036 413 2197 456 κεν-

236 483 625 571 τούμενος,
687 486 827 551 καῖ
866 483 1157 572 οὐδεμία
1218 505 1326 553 σοι
1383 484 1518 554 ἀπὸ
1580 487 1833 556 τούτου
1906 484 2197 574 ὠφέλεια

238 582 816 672 προσγενήσεται,
863 584 1038 653 ἀλλὰ
1088 589 1352 674 μᾶλλον
1384 586 1602 675 βλάβη
1651 588 1822 676 πρὸς
1868 588 2192 657 θάνατον.

237 687 368 754 καὶ
418 683 626 773 ἄλλης
673 687 757 754 δέ
797 713 930 775 μου
981 686 1348 775 διηγήσεως
1396 685 1733 777 ἄκουσον,
1789 681 1841 759 ὦ
1888 694 2196 778 βασιλεῦ,

238 786 749 875 δηλοποιούσης
786 790 1172 875 σαφέστατα
1206 791 1363 877 περὶ
1398 792 1538 858 τῶν
1572 799 1981 877 γυναικείων
2018 817 2195 880 πρα-
2248 820 2274 859 5

242 887 561 976 γμάτων,
597 887 816 975 ἤγουν
849 893 988 958 τῶν
1025 893 1486 979 πανουργιῶν.

400 987 605 1078 Ἀνήρ
640 1006 740 1070 τις
773 981 859 1077 ἦν
893 992 1215 1080 γεωργός.
1279 985 1481 1072 οὗτος
1520 983 1648 1061 οὖν
1687 997 1808 1083 μιᾷ
1847 997 1988 1062 τῶν
2029 986 2397 1081 &ys-§.7812

249 1095 406 1181 ρῶν
443 1093 686 1178 ἐξῆλθε
735 1096 860 1160 τοῦ
900 1109 1172 1181 σπεῖραι
1218 1093 1297 1161 τὸ
1333 1094 1682 1181 χωράφιον
1730 1092 1970 1166 αὐτοῦ.
2040 1094 2082 1183 ἦ
2121 1095 2196 1164 δὲ

245 1192 435 1278 γυνὴ
474 1191 692 1261 αὐτοῦ
727 1194 1129 1281 ἕτοιμάσασα
1168 1193 1379 1281 ἔφητὰ
1405 1194 1904 1284 μαγειρεύματα
1932 1198 2043 1263 καὶ
2071 1194 2195 1285 ὄρ·-

245 1302 419 1361 υοθα
478 1295 594 1362 καὶ
655 1302 1066 1383 μελίπηκτον
1121 1300 1401 1384 ἔδεσμα,
1457 1299 1532 1365 ἐν
1585 1302 1864 1384 σπυρίδι
1919 1300 2196 1366 ἐνθεῖσα
2224 1326 2273 1364 ιο

244 1393 427 1483 πρὸς
461 1393 586 1464 τόν
620 1393 839 1485 ἄνδρα
879 1395 1145 1486 ἐκόμιζε.
1220 1399 1477 1485 συνέβη
1526 1396 1604 1466 δὲ
1653 1396 1869 1485 αὐτὴν
1904 1423 2196 1487 πορευο-

244 1497 468 1584 μένην
515 1499 829 1584 διαβῆναι
875 1496 1025 1566 ἀπό
1060 1525 1241 1578 τινος
1287 1501 1712 1585 ξενοδοχείου
1730 1552 1750 1587 ,
1800 1501 1873 1567 ἐν
1921 1489 1974 1591 ᾧ
2022 1491 2195 1587 ἦσαν

248 1596 615 1686 ἄνθρωποι
642 1597 988 1687 ὁδοιπόροι
1013 1596 1555 1688 ἀναπαυόμενοι·
1593 1603 1709 1670 καὶ
1739 1600 1829 1681 ῶς
1857 1599 2044 1670 εἶδον
2069 1603 2195 1690 τὴν

241 1715 549 1786 γυναῖκα
569 1753 589 1789 ,
629 1700 1007 1788 ἐκράτησαν
1044 1699 1262 1789 αὐτὴν
1296 1703 1411 1771 καὶ
1444 1708 1574 1771 ἔσω
1613 1705 1737 1772 τοῦ
1766 1705 2191 1789 ξενοδοχείου

246 1801 679 1889 είσάξαντες,
732 1799 1025 1882 ἅπαντες
1061 1813 1528 1891 συνεμίγησαν
1575 1806 1691 1873 καὶ
1736 1804 1820 1872 τὰ
1867 1804 2191 1893 βρώματα
2219 1831 2269 1871 15

243 1902 521 1971 ἅπαντα
553 1909 832 1990 ἔφαγον.
876 1901 1113 1990 ὀλίγον
1141 1903 1216 1973 δὲ
1249 1903 1383 1973 ἀπὸ
1410 1905 1487 1973 τὸ
1509 1912 1921 1992 μελίπηκτον
1954 1904 2196 1993 [ἤγουν

238 2004 377 2093 τὴν
410 2002 887 2093 μουστόπιτα,]
941 2001 1268 2095 ἀφέντες,
1321 2005 1824 2076 κατεσκεύασαν
1872 2005 2042 2075 αὐτὸ
2094 2014 2193 2087 εἰς

244 2106 436 2185 εἶδος
485 2109 600 2176 καὶ
648 2105 926 2194 μορφὴν
974 2110 1377 2197 ἐλέφαντος,
1426 2109 1541 2176 καὶ
1590 2114 1848 2196 ἔθηκαν
1897 2105 2065 2177 αὐτὸ
2118 2112 2192 2178 ἐν

239 2214 339 2297 τῇ
401 2213 724 2297 σπυρίδι,
789 2209 880 2296 μὴ
935 2215 1196 2289 εἰδυίας
1249 2207 1423 2290 ὅλως
1473 2212 1592 2297 τῆς
1652 2207 1976 2296 γυναικὸς
2036 2213 2189 2298 περὶ

241 2309 541 2430 τούτου,
576 2312 691 2377 καὶ
728 2311 852 2397 τὴν
890 2313 1191 2400 σπυρίδα
1229 2311 1712 2399 σκεπάσαντες,
1747 2309 2020 2399 ἀφῆκαν
2056 2310 2190 2381 αὐ-
2218 2338 2267 2377 20

236 2412 374 2499 τὴν
419 2406 766 2480 ἀπελθεῖν.
856 2439 898 2499 η
948 2411 1024 2481 δε
1072 2417 1381 2500 λαβοῦσα
1439 2440 1563 2499 την
1624 2417 1926 2502 σπυρίδα
1975 2412 2066 2493 ῶς
2112 2415 2190 2482 τὸ

238 2513 583 2601 πρότερον
644 2516 1150 2602 σκεπασμένην,
1210 2514 1302 2603 μὴ
1364 2520 1592 2583 εἰδυῖα
1646 2512 1744 2581 ὅτι
1806 2516 2191 2602 κατέφαγον

240 2613 547 2703 ἅπαντα,
584 2613 852 2701 ἀπῆλθε
887 2615 1057 2736 πρὸς
1092 2615 1213 2684 τὸν
1248 2614 1469 2704 ἀνδρα
1505 2616 1809 2703 φέρουσα
1843 2642 2079 2683 ταυτα.
2154 2612 2189 2683 ὃ

244 2716 335 2785 δὲ
369 2715 845 2796 ἀποσκεπάσας
880 2714 1004 2804 τὴν
1040 2723 1378 2804 σπυρίδα,
1428 2715 1639 2785 ουδὲν
1685 2714 1850 2784 αλλο
1901 2718 1974 2785 ἐν
2009 2716 2187 2806 αὐτῇ

388 2950 561 2997 lemma
596 2949 629 2997 4
665 2949 713 2997 V
759 2949 790 2996 6
825 2948 919 2998 AB
957 2938 1125 3010 ἑτέρα
1162 2939 1429 3024 διήγησις
1463 2944 1566 2999 τοῦ
1595 2939 1784 3004 αὐτοῦ
1822 2943 1992 3001 εκτου
2030 2949 2189 3009 φιλο·-

236 3006 443 3091 σόφου
590 3019 622 3066 5
657 3011 1009 3081 πραγμάτων
1044 3011 1227 3080 ἤγουν
1276 3031 1390 3065 των
1427 3032 1522 3066 om.
1560 3017 1696 3066 MD.
1741 3018 1972 3094 fortasse
2008 3010 2190 3082 ἤγουν

235 3079 367 3134 τῶν
412 3083 781 3149 πανουργιῶν
831 3085 1135 3134 emendandi
1177 3098 1335 3133 causa
1377 3099 1539 3147 supra
1581 3101 1630 3134 u.
1668 3076 2019 3150 πραγμάτων
2061 3086 2191 3133 scri-

228 3159 390 3216 ptum
427 3158 541 3200 erat
652 3152 685 3202 8
720 3150 923 3204 Matth.
952 3154 1034 3215 13,
1074 3155 1121 3201 3.
1158 3152 1294 3200 Luc.
1321 3153 1369 3213 8,
1406 3154 1455 3201 4.
1504 3153 1677 3202 Mare.
1703 3156 1753 3215 4,
1791 3156 1822 3204 3
1938 3155 2001 3203 10
2037 3151 2188 3217 μελί-

234 3231 473 3269 πυκτον
507 3217 652 3268 ABV
692 3221 754 3269 10
799 3227 849 3268 et
883 3218 979 3267 BV
1019 3189 1110 3269 16·
1150 3220 1212 3267 16
1249 3218 1590 3282 μελίπικτον
1624 3219 1689 3268 Α.
1728 3219 2082 3300 μελίπηκτον
2115 3220 2187 3268 Μ.

234 3287 344 3335 Du
379 3283 567 3349 Gange
676 3288 740 3335 12
776 3282 1077 3364 διαβῆναι]
1121 3287 1444 3365 praeterire,
1483 3304 1532 3336 u.
1557 3289 1641 3350 53,
1668 3289 1734 3337 26
1842 3279 1981 3352 ἀπὸ]
2020 3302 2187 3352 prope

236 3353 344 3412 ab,
380 3358 606 3417 praeter
728 3355 790 3403 16
825 3346 1019 3404 πάντα
1053 3353 1101 3403 A
1235 3345 1422 3419 ἤγουν
1456 3347 1564 3420 τὴν
1597 3352 1678 3420 μ.]
1723 3357 1903 3406 delevi.
1955 3356 2192 3404 hodierni

239 3421 448 3471 Graeci
479 3412 846 3486 μουστόπητα
892 3429 944 3471 et
985 3414 1376 3486 μουστόπιττα
1420 3430 1714 3503 nuncupant
1887 3422 1948 3471 18
1996 3438 2064 3471 απ
2100 3423 2187 3471 de-

235 3489 410 3538 lenda
443 3504 524 3540 uu.
549 3485 649 3538 καὶ
685 3481 954 3554 μορφήνῗ
1060 3491 1123 3539 19
1159 3484 1378 3569 μηδὲνῖ
1418 3481 1560 3548 ὅλως
1595 3492 1684 3539 tt?
1787 3491 1853 3538 22
1885 3483 2187 3555 πρότερον]

234 3545 487 3618 πρώτως
521 3555 581 3605 Α.
618 3557 689 3619 ef.
728 3559 777 3621 7,
821 3560 880 3607 17
1022 3554 1444 3623 σκεπασμένην]
1481 3559 1552 3621 ef.
1595 3560 1677 3620 50,
1716 3559 1781 3607 10
