<?xml version="1.0" encoding="UTF-8"?>
<!DOCTYPE html PUBLIC "-//W3C//DTD XHTML 1.0 Transitional//EN"
    "http://www.w3.org/TR/xhtml1/DTD/xhtml1-transitional.dtd">
<html xmlns="http://www.w3.org/1999/xhtml" xml:lang="en" lang="en">
 <head>
  <title>
</title>
<meta http-equiv="Content-Type" content="text/html;charset=utf-8" />
  <meta name='ocr-system' content='tesseract 3.04.00' />
  <meta name='ocr-capabilities' content='ocr_page ocr_carea ocr_par ocr_line ocrx_word'/>
</head>
<body>
  <div class='ocr_page' id='page_1' title='image "./fabulaeromanens00aphtgoog_0180.png"; bbox 0 0 2563 4087; ppageno 0'>
   <div class='ocr_carea' id='block_1_1' title="bbox 2154 0 2534 305">
    <p class='ocr_par' dir='ltr' id='par_1_1' title="bbox 2154 0 2534 305">
     <span class='ocr_line' id='line_1_1' title="bbox 2154 0 2534 305; baseline 0 3782"><span class='ocrx_word' id='word_1_1' title='bbox 2154 0 2534 305; x_wconf 95' lang='lat' dir='ltr'><em> </em></span> 
     </span>
    </p>
   </div>
   <div class='ocr_carea' id='block_1_2' title="bbox 352 229 475 294">
    <p class='ocr_par' dir='ltr' id='par_1_2' title="bbox 352 229 475 294">
     <span class='ocr_line' id='line_1_2' title="bbox 352 229 475 294; baseline 0 0"><span class='ocrx_word' id='word_1_2' title='bbox 352 229 475 294; x_wconf 90' lang='grc'><em>164</em></span> 
     </span>
    </p>
   </div>
   <div class='ocr_carea' id='block_1_3' title="bbox 203 367 2301 3210">
    <p class='ocr_par' dir='ltr' id='par_1_3' title="bbox 203 367 2301 2600">
     <span class='ocr_line' id='line_1_3' title="bbox 351 367 2294 468; baseline 0 -24"><span class='ocrx_word' id='word_1_3' title='bbox 351 373 529 464; x_wconf 78' lang='grc' dir='ltr'><em>ἀὐτῇ</em></span> <span class='ocrx_word' id='word_1_4' title='bbox 578 374 1081 466; x_wconf 78' lang='grc' dir='ltr'><em>θρηνῳδούσῃ,</em></span> <span class='ocrx_word' id='word_1_5' title='bbox 1129 367 1217 461; x_wconf 78' lang='grc' dir='ltr'><em>ἣν</em></span> <span class='ocrx_word' id='word_1_6' title='bbox 1263 376 1380 442; x_wconf 79' lang='grc' dir='ltr'><em>καὶ</em></span> <span class='ocrx_word' id='word_1_7' title='bbox 1435 375 1835 468; x_wconf 68' lang='grc' dir='ltr'><em>κατῴκτειρε</em></span> <span class='ocrx_word' id='word_1_8' title='bbox 1878 379 1997 464; x_wconf 77' lang='grc' dir='ltr'><em>τῆς</em></span> <span class='ocrx_word' id='word_1_9' title='bbox 2047 379 2294 463; x_wconf 80' lang='grc' dir='ltr'><em>πικρᾶς</em></span> 
     </span>
     <span class='ocr_line' id='line_1_4' title="bbox 351 468 2295 567; baseline 0 -21"><span class='ocrx_word' id='word_1_10' title='bbox 351 479 685 565; x_wconf 79' lang='grc' dir='ltr'><em>οἰμωγῆς·</em></span> <span class='ocrx_word' id='word_1_11' title='bbox 754 475 861 545; x_wconf 62' lang='grc' dir='ltr'><em>ετί</em></span> <span class='ocrx_word' id='word_1_12' title='bbox 903 473 1121 556; x_wconf 79' lang='grc' dir='ltr'><em>οὕτως</em></span> <span class='ocrx_word' id='word_1_13' title='bbox 1171 479 1457 565; x_wconf 76' lang='grc' dir='ltr'><strong><em>οἰκτρῶς</em></strong></span> <span class='ocrx_word' id='word_1_14' title='bbox 1505 476 1861 567; x_wconf 80' lang='grc' dir='ltr'><em>ὀλοφύρῃ,</em></span> <span class='ocrx_word' id='word_1_15' title='bbox 1913 468 1965 546; x_wconf 76' lang='grc' dir='ltr'><em>ὦ</em></span> <span class='ocrx_word' id='word_1_16' title='bbox 2013 477 2295 563; x_wconf 80' lang='grc' dir='ltr'><em>γύναι’;</em></span> 
     </span>
     <span class='ocr_line' id='line_1_5' title="bbox 348 576 2296 670; baseline 0.001 -24"><span class='ocrx_word' id='word_1_17' title='bbox 348 577 394 664; x_wconf 77' lang='grc' dir='ltr'><em>ἢ</em></span> <span class='ocrx_word' id='word_1_18' title='bbox 433 578 509 647; x_wconf 77' lang='grc' dir='ltr'><em>δὲ</em></span> <span class='ocrx_word' id='word_1_19' title='bbox 547 584 755 667; x_wconf 85' lang='grc' dir='ltr'><em>ἔφησε</em></span> <span class='ocrx_word' id='word_1_20' title='bbox 787 581 883 668; x_wconf 78' lang='grc' dir='ltr'><em>τῷ</em></span> <span class='ocrx_word' id='word_1_21' title='bbox 921 582 1141 646; x_wconf 86' lang='grc' dir='ltr'><em>παιδί·</em></span> <span class='ocrx_word' id='word_1_22' title='bbox 1192 576 1210 602; x_wconf 82' lang='lat'><em>‘</em></span> <span class='ocrx_word' id='word_1_23' title='bbox 1232 578 1437 647; x_wconf 81' lang='grc' dir='ltr'><em>ἔασόν</em></span> <span class='ocrx_word' id='word_1_24' title='bbox 1471 607 1578 670; x_wconf 87' lang='grc' dir='ltr'><em>με,</em></span> <span class='ocrx_word' id='word_1_25' title='bbox 1614 586 1765 667; x_wconf 77' lang='grc' dir='ltr'><em>παῖ,</em></span> <span class='ocrx_word' id='word_1_26' title='bbox 1799 579 1925 667; x_wconf 85' lang='grc' dir='ltr'><em>τὴν</em></span> <span class='ocrx_word' id='word_1_27' title='bbox 1959 579 2296 648; x_wconf 88' lang='grc' dir='ltr'><em>τάλαιναν</em></span> 
     </span>
     <span class='ocr_line' id='line_1_6' title="bbox 203 677 2299 770; baseline 0.001 -23"><span class='ocrx_word' id='word_1_28' title='bbox 203 717 248 755; x_wconf 71' lang='grc' dir='ltr'><em>ρ.</em></span> <span class='ocrx_word' id='word_1_29' title='bbox 273 707 325 747; x_wconf 87' lang='lat'><em>98</em></span> <span class='ocrx_word' id='word_1_30' title='bbox 351 679 829 768; x_wconf 86' lang='grc' dir='ltr'><em>ἀποδύρεσθαί</em></span> <span class='ocrx_word' id='word_1_31' title='bbox 881 706 1015 766; x_wconf 93' lang='grc' dir='ltr'><em>μου</em></span> <span class='ocrx_word' id='word_1_32' title='bbox 1075 680 1198 765; x_wconf 86' lang='grc' dir='ltr'><em>τὴν</em></span> <span class='ocrx_word' id='word_1_33' title='bbox 1261 681 1663 770; x_wconf 77' lang='grc' dir='ltr'><em>συμφοράνῖ</em></span> <span class='ocrx_word' id='word_1_34' title='bbox 1755 677 1792 748; x_wconf 82' lang='grc' dir='ltr'><strong>ὃ</strong></span> <span class='ocrx_word' id='word_1_35' title='bbox 1856 681 1937 749; x_wconf 76' lang='grc' dir='ltr'><em>δὲ</em></span> <span class='ocrx_word' id='word_1_36' title='bbox 1997 683 2299 750; x_wconf 82' lang='grc' dir='ltr'><em>ἐπέκειτο</em></span> 
     </span>
     <span class='ocr_line' id='line_1_7' title="bbox 301 779 2299 871; baseline 0.002 -23"><span class='ocrx_word' id='word_1_37' title='bbox 301 810 327 848; x_wconf 86' lang='lat'>5</span> <span class='ocrx_word' id='word_1_38' title='bbox 352 783 597 870; x_wconf 84' lang='grc' dir='ltr'><em>βιάζων</em></span> <span class='ocrx_word' id='word_1_39' title='bbox 633 779 853 868; x_wconf 81' lang='grc' dir='ltr'><em>αὐτὴν</em></span> <span class='ocrx_word' id='word_1_40' title='bbox 888 783 1003 850; x_wconf 85' lang='grc' dir='ltr'><em>καὶ</em></span> <span class='ocrx_word' id='word_1_41' title='bbox 1039 780 1166 868; x_wconf 75' lang='grc' dir='ltr'><em>τήν</em></span> <span class='ocrx_word' id='word_1_42' title='bbox 1203 788 1434 864; x_wconf 81' lang='grc' dir='ltr'><em>αἰτίαν</em></span> <span class='ocrx_word' id='word_1_43' title='bbox 1476 786 1600 851; x_wconf 89' lang='grc' dir='ltr'><em>τοῦ</em></span> <span class='ocrx_word' id='word_1_44' title='bbox 1651 781 1960 871; x_wconf 86' lang='grc' dir='ltr'><em>ὀδυρμοῦ</em></span> <span class='ocrx_word' id='word_1_45' title='bbox 2012 793 2299 852; x_wconf 85' lang='grc' dir='ltr'><em>πυνθα-</em></span> 
     </span>
     <span class='ocr_line' id='line_1_8' title="bbox 347 874 2298 973; baseline 0 -21"><span class='ocrx_word' id='word_1_46' title='bbox 347 880 632 969; x_wconf 89' lang='grc' dir='ltr'><em>νόμενος</em></span> <span class='ocrx_word' id='word_1_47' title='bbox 653 936 674 970; x_wconf 92' lang='grc'><em>,</em></span> <span class='ocrx_word' id='word_1_48' title='bbox 743 885 858 952; x_wconf 82' lang='grc' dir='ltr'><em>καὶ</em></span> <span class='ocrx_word' id='word_1_49' title='bbox 907 881 990 952; x_wconf 83' lang='grc' dir='ltr'><em>ού</em></span> <span class='ocrx_word' id='word_1_50' title='bbox 1036 883 1367 973; x_wconf 90' lang='grc' dir='ltr'><em>πρότερον</em></span> <span class='ocrx_word' id='word_1_51' title='bbox 1416 882 1672 973; x_wconf 88' lang='grc' dir='ltr'><em>ἀπέστη</em></span> <span class='ocrx_word' id='word_1_52' title='bbox 1721 883 1933 970; x_wconf 81' lang='grc' dir='ltr'><em>αὐτῆς</em></span> <span class='ocrx_word' id='word_1_53' title='bbox 1956 874 2169 973; x_wconf 64' lang='grc' dir='ltr'><em>’ἄχρις</em></span> <span class='ocrx_word' id='word_1_54' title='bbox 2208 875 2298 953; x_wconf 80' lang='grc' dir='ltr'><em>οὗ</em></span> 
     </span>
     <span class='ocr_line' id='line_1_9' title="bbox 349 982 2297 1075; baseline 0.001 -22"><span class='ocrx_word' id='word_1_55' title='bbox 349 985 575 1053; x_wconf 91' lang='grc' dir='ltr'><em>πάντα</em></span> <span class='ocrx_word' id='word_1_56' title='bbox 610 982 797 1075; x_wconf 76' lang='grc' dir='ltr'><em>αύτῷ</em></span> <span class='ocrx_word' id='word_1_57' title='bbox 834 983 877 1073; x_wconf 82' lang='grc' dir='ltr'><strong><em>ἡ</em></strong></span> <span class='ocrx_word' id='word_1_58' title='bbox 912 983 1090 1071; x_wconf 79' lang='grc' dir='ltr'><em>γυνὴ</em></span> <span class='ocrx_word' id='word_1_59' title='bbox 1127 984 1552 1073; x_wconf 78' lang='grc' dir='ltr'><em>διεσάφησεν.</em></span> <span class='ocrx_word' id='word_1_60' title='bbox 1609 983 1650 1054; x_wconf 74' lang='grc' dir='ltr'><em>δ’</em></span> <span class='ocrx_word' id='word_1_61' title='bbox 1683 984 1759 1053; x_wconf 73' lang='grc' dir='ltr'><em>δὲ</em></span> <span class='ocrx_word' id='word_1_62' title='bbox 1786 984 2046 1074; x_wconf 85' lang='grc' dir='ltr'><em>ἀντέφη</em></span> <span class='ocrx_word' id='word_1_63' title='bbox 2073 983 2262 1073; x_wconf 79' lang='grc' dir='ltr'><em>αὐτῇ</em></span> <span class='ocrx_word' id='word_1_64' title='bbox 2283 1004 2297 1016; x_wconf 90' lang='grc'><em>·</em></span> 
     </span>
     <span class='ocr_line' id='line_1_10' title="bbox 342 1085 2296 1176; baseline -0.001 -20"><span class='ocrx_word' id='word_1_65' title='bbox 342 1085 517 1174; x_wconf 62' lang='grc' dir='ltr'><em>’ἐγώ</em></span> <span class='ocrx_word' id='word_1_66' title='bbox 566 1106 639 1157; x_wconf 86' lang='grc' dir='ltr'><em>σε</em></span> <span class='ocrx_word' id='word_1_67' title='bbox 686 1089 803 1173; x_wconf 80' lang='grc' dir='ltr'><em>τῆς</em></span> <span class='ocrx_word' id='word_1_68' title='bbox 850 1086 1260 1175; x_wconf 79' lang='grc' dir='ltr'><em>κατεχούσης</em></span> <span class='ocrx_word' id='word_1_69' title='bbox 1309 1085 1675 1169; x_wconf 75' lang='grc' dir='ltr'><em>ἀπαλλάξω</em></span> <span class='ocrx_word' id='word_1_70' title='bbox 1710 1088 1875 1156; x_wconf 83' lang='grc' dir='ltr'><em>νυνὶ</em></span> <span class='ocrx_word' id='word_1_71' title='bbox 1909 1092 2296 1176; x_wconf 78' lang='grc' dir='ltr'><em>συμφορᾶς.</em></span> 
     </span>
     <span class='ocr_line' id='line_1_11' title="bbox 351 1188 2299 1279; baseline 0.001 -23"><span class='ocrx_word' id='word_1_72' title='bbox 351 1188 501 1258; x_wconf 89' lang='grc' dir='ltr'><em>ἀλλ’</em></span> <span class='ocrx_word' id='word_1_73' title='bbox 544 1196 609 1259; x_wconf 83' lang='grc' dir='ltr'><em>εἰ</em></span> <span class='ocrx_word' id='word_1_74' title='bbox 639 1189 917 1277; x_wconf 87' lang='grc' dir='ltr'><em>βούλοιο</em></span> <span class='ocrx_word' id='word_1_75' title='bbox 953 1192 1233 1276; x_wconf 79' lang='grc' dir='ltr'><em>ποιῆσαί</em></span> <span class='ocrx_word' id='word_1_76' title='bbox 1262 1215 1345 1276; x_wconf 87' lang='grc' dir='ltr'><em>με</em></span> <span class='ocrx_word' id='word_1_77' title='bbox 1379 1191 1610 1276; x_wconf 90' lang='grc' dir='ltr'><em>τοῦτο,</em></span> <span class='ocrx_word' id='word_1_78' title='bbox 1655 1189 1775 1269; x_wconf 81' lang='grc' dir='ltr'><em>δός</em></span> <span class='ocrx_word' id='word_1_79' title='bbox 1811 1216 1924 1277; x_wconf 82' lang='grc' dir='ltr'><em>μοι</em></span> <span class='ocrx_word' id='word_1_80' title='bbox 1958 1189 2299 1279; x_wconf 90' lang='grc' dir='ltr'><em>πρότερον</em></span> 
     </span>
     <span class='ocr_line' id='line_1_12' title="bbox 275 1287 2294 1380; baseline 0.001 -24"><span class='ocrx_word' id='word_1_81' title='bbox 275 1317 326 1358; x_wconf 83' lang='grc' dir='ltr'><em>ιο</em></span> <span class='ocrx_word' id='word_1_82' title='bbox 354 1290 710 1380; x_wconf 73' lang='grc' dir='ltr'><em>ἀργυροῦν</em></span> <span class='ocrx_word' id='word_1_83' title='bbox 740 1294 884 1378; x_wconf 82' lang='grc' dir='ltr'><em>ἕνα,</em></span> <span class='ocrx_word' id='word_1_84' title='bbox 914 1295 1031 1358; x_wconf 78' lang='grc' dir='ltr'><em>ἵνα</em></span> <span class='ocrx_word' id='word_1_85' title='bbox 1060 1289 1144 1358; x_wconf 82' lang='grc' dir='ltr'><em>δι’</em></span> <span class='ocrx_word' id='word_1_86' title='bbox 1179 1287 1397 1359; x_wconf 78' lang='grc' dir='ltr'><em>αὐτοῦ</em></span> <span class='ocrx_word' id='word_1_87' title='bbox 1427 1290 1653 1379; x_wconf 82' lang='grc' dir='ltr'><em>κάρυά</em></span> <span class='ocrx_word' id='word_1_88' title='bbox 1677 1317 1791 1379; x_wconf 87' lang='grc' dir='ltr'><em>μοι</em></span> <span class='ocrx_word' id='word_1_89' title='bbox 1820 1291 2294 1379; x_wconf 80' lang='grc' dir='ltr'><em>ἐξωνήσωμαι.’</em></span> 
     </span>
     <span class='ocr_line' id='line_1_13' title="bbox 350 1390 2300 1481; baseline 0.001 -21"><span class='ocrx_word' id='word_1_90' title='bbox 350 1392 391 1481; x_wconf 77' lang='grc' dir='ltr'><strong><em>ἡ</em></strong></span> <span class='ocrx_word' id='word_1_91' title='bbox 442 1393 517 1461; x_wconf 73' lang='grc' dir='ltr'><em>δὲ</em></span> <span class='ocrx_word' id='word_1_92' title='bbox 566 1392 746 1479; x_wconf 81' lang='grc' dir='ltr'><em>γυνή</em></span> <span class='ocrx_word' id='word_1_93' title='bbox 795 1411 1034 1480; x_wconf 85' lang='grc' dir='ltr'><em>φησιν·</em></span> <span class='ocrx_word' id='word_1_94' title='bbox 1094 1390 1319 1480; x_wconf 58' lang='grc' dir='ltr'><em>ἐἴπερ</em></span> <span class='ocrx_word' id='word_1_95' title='bbox 1379 1420 1460 1479; x_wconf 90' lang='grc' dir='ltr'><em>με</em></span> <span class='ocrx_word' id='word_1_96' title='bbox 1519 1395 1639 1480; x_wconf 81' lang='grc' dir='ltr'><em>τῆς</em></span> <span class='ocrx_word' id='word_1_97' title='bbox 1690 1396 1985 1480; x_wconf 77' lang='grc' dir='ltr'><strong><em>χαλεπῆς</em></strong></span> <span class='ocrx_word' id='word_1_98' title='bbox 2037 1392 2300 1481; x_wconf 80' lang='grc' dir='ltr'><em>ταύτης</em></span> 
     </span>
     <span class='ocr_line' id='line_1_14' title="bbox 351 1492 2301 1584; baseline 0 -21"><span class='ocrx_word' id='word_1_99' title='bbox 351 1500 646 1580; x_wconf 77' lang='grc' dir='ltr'><em>συνοχῆς</em></span> <span class='ocrx_word' id='word_1_100' title='bbox 682 1493 1112 1580; x_wconf 77' lang='grc' dir='ltr'><em>ἀπαλλάξεις,</em></span> <span class='ocrx_word' id='word_1_101' title='bbox 1147 1493 1348 1561; x_wconf 80' lang='grc' dir='ltr'><em>δωσω</em></span> <span class='ocrx_word' id='word_1_102' title='bbox 1381 1513 1488 1562; x_wconf 85' lang='grc' dir='ltr'><em>σοι</em></span> <span class='ocrx_word' id='word_1_103' title='bbox 1519 1493 1643 1563; x_wconf 88' lang='grc' dir='ltr'><em>τὸν</em></span> <span class='ocrx_word' id='word_1_104' title='bbox 1678 1492 2067 1584; x_wconf 77' lang='grc' dir='ltr'><em>ἀργυροῦνῖ</em></span> <span class='ocrx_word' id='word_1_105' title='bbox 2134 1493 2173 1562; x_wconf 85' lang='grc' dir='ltr'>ὁ</span> <span class='ocrx_word' id='word_1_106' title='bbox 2218 1495 2301 1563; x_wconf 78' lang='grc' dir='ltr'><em>δὲ</em></span> 
     </span>
     <span class='ocr_line' id='line_1_15' title="bbox 350 1591 2299 1686; baseline 0 -22"><span class='ocrx_word' id='word_1_107' title='bbox 350 1609 510 1674; x_wconf 87' lang='grc' dir='ltr'><em>παῖς</em></span> <span class='ocrx_word' id='word_1_108' title='bbox 572 1595 753 1680; x_wconf 82' lang='grc' dir='ltr'><em>λέγει</em></span> <span class='ocrx_word' id='word_1_109' title='bbox 812 1592 1022 1683; x_wconf 83' lang='grc' dir='ltr'><em>αὐτῇ·</em></span> <span class='ocrx_word' id='word_1_110' title='bbox 1096 1591 1569 1684; x_wconf 64' lang='grc' dir='ltr'><em>“ύπόστρεψον</em></span> <span class='ocrx_word' id='word_1_111' title='bbox 1627 1605 1872 1666; x_wconf 84' lang='grc' dir='ltr'><em>τοίνυν</em></span> <span class='ocrx_word' id='word_1_112' title='bbox 1932 1595 2103 1686; x_wconf 84' lang='grc' dir='ltr'><em>πρὸς</em></span> <span class='ocrx_word' id='word_1_113' title='bbox 2163 1597 2299 1665; x_wconf 79' lang='grc' dir='ltr'><em>τὸν</em></span> 
     </span>
     <span class='ocr_line' id='line_1_16' title="bbox 349 1688 2298 1787; baseline 0.001 -24"><span class='ocrx_word' id='word_1_114' title='bbox 349 1694 644 1784; x_wconf 75' lang='grc' dir='ltr'><em>ἄρχοντα</em></span> <span class='ocrx_word' id='word_1_115' title='bbox 678 1695 794 1763; x_wconf 82' lang='grc' dir='ltr'><em>καὶ</em></span> <span class='ocrx_word' id='word_1_116' title='bbox 841 1697 1036 1777; x_wconf 80' lang='grc' dir='ltr'><em>λέξον</em></span> <span class='ocrx_word' id='word_1_117' title='bbox 1083 1696 1272 1787; x_wconf 81' lang='grc' dir='ltr'><em>αὐτῷ</em></span> <span class='ocrx_word' id='word_1_118' title='bbox 1324 1694 1575 1776; x_wconf 78' lang='grc' dir='ltr'><em>οὕτως·</em></span> <span class='ocrx_word' id='word_1_119' title='bbox 1642 1705 1995 1785; x_wconf 80' lang='grc' dir='ltr'><em>,,γνωρίζω</em></span> <span class='ocrx_word' id='word_1_120' title='bbox 2043 1717 2187 1784; x_wconf 86' lang='grc' dir='ltr'><em>σοι,</em></span> <span class='ocrx_word' id='word_1_121' title='bbox 2243 1688 2298 1765; x_wconf 74' lang='grc' dir='ltr'><em>ὦ</em></span> 
     </span>
     <span class='ocr_line' id='line_1_17' title="bbox 274 1789 2298 1887; baseline 0.003 -25"><span class='ocrx_word' id='word_1_122' title='bbox 274 1823 325 1862; x_wconf 87' lang='lat'><em>15</em></span> <span class='ocrx_word' id='word_1_123' title='bbox 351 1797 550 1887; x_wconf 83' lang='grc' dir='ltr'><em>κύριέ</em></span> <span class='ocrx_word' id='word_1_124' title='bbox 578 1822 711 1885; x_wconf 87' lang='grc' dir='ltr'><em>μου</em></span> <span class='ocrx_word' id='word_1_125' title='bbox 731 1849 751 1884; x_wconf 95' lang='grc'><em>,</em></span> <span class='ocrx_word' id='word_1_126' title='bbox 803 1795 894 1876; x_wconf 73' lang='grc' dir='ltr'><em>ὥς</em></span> <span class='ocrx_word' id='word_1_127' title='bbox 929 1812 1108 1887; x_wconf 89' lang='grc' dir='ltr'><em>τρεῖς</em></span> <span class='ocrx_word' id='word_1_128' title='bbox 1142 1789 1318 1885; x_wconf 81' lang='grc' dir='ltr'><em>ἦσαν</em></span> <span class='ocrx_word' id='word_1_129' title='bbox 1352 1799 1805 1885; x_wconf 76' lang='grc' dir='ltr'><em>τυγχάνοντες</em></span> <span class='ocrx_word' id='word_1_130' title='bbox 1842 1803 1915 1868; x_wconf 83' lang='lat' dir='ltr'><em>oc</em></span> <span class='ocrx_word' id='word_1_131' title='bbox 1942 1807 2298 1886; x_wconf 82' lang='grc' dir='ltr'><em>κοινωνοί,</em></span> 
     </span>
     <span class='ocr_line' id='line_1_18' title="bbox 351 1898 2301 1991; baseline 0.002 -24"><span class='ocrx_word' id='word_1_132' title='bbox 351 1906 421 1967; x_wconf 84' lang='grc' dir='ltr'><em>οἳ</em></span> <span class='ocrx_word' id='word_1_133' title='bbox 449 1898 527 1967; x_wconf 82' lang='grc' dir='ltr'>τό</span> <span class='ocrx_word' id='word_1_134' title='bbox 564 1906 855 1988; x_wconf 89' lang='grc' dir='ltr'><em>χρυσίον</em></span> <span class='ocrx_word' id='word_1_135' title='bbox 889 1925 1002 1987; x_wconf 89' lang='grc' dir='ltr'><em>μοι</em></span> <span class='ocrx_word' id='word_1_136' title='bbox 1031 1903 1239 1968; x_wconf 89' lang='grc' dir='ltr'><em>τοῦτο</em></span> <span class='ocrx_word' id='word_1_137' title='bbox 1275 1902 1679 1989; x_wconf 80' lang='grc' dir='ltr'><em>παρέθεντο,</em></span> <span class='ocrx_word' id='word_1_138' title='bbox 1717 1898 1941 1991; x_wconf 77' lang='grc' dir='ltr'><em>ὥσπερ</em></span> <span class='ocrx_word' id='word_1_139' title='bbox 1978 1904 2146 1989; x_wconf 79' lang='grc' dir='ltr'><em>δῆτα</em></span> <span class='ocrx_word' id='word_1_140' title='bbox 2173 1903 2301 1971; x_wconf 83' lang='grc' dir='ltr'><em>καὶ</em></span> 
     </span>
     <span class='ocr_line' id='line_1_19' title="bbox 349 1999 2298 2091; baseline 0.002 -21"><span class='ocrx_word' id='word_1_141' title='bbox 349 2002 515 2090; x_wconf 82' lang='grc' dir='ltr'><em>πρὶν</em></span> <span class='ocrx_word' id='word_1_142' title='bbox 566 1999 875 2090; x_wconf 75' lang='grc' dir='ltr'><em>ἐδηλώθη</em></span> <span class='ocrx_word' id='word_1_143' title='bbox 927 2020 1053 2073; x_wconf 92' lang='grc' dir='ltr'><em>σου</em></span> <span class='ocrx_word' id='word_1_144' title='bbox 1104 2006 1187 2091; x_wconf 79' lang='grc' dir='ltr'><em>τῇ</em></span> <span class='ocrx_word' id='word_1_145' title='bbox 1237 2002 1671 2090; x_wconf 87' lang='grc' dir='ltr'><em>μεγιστότητι.</em></span> <span class='ocrx_word' id='word_1_146' title='bbox 1757 2009 1828 2071; x_wconf 84' lang='grc' dir='ltr'><em>οἳ</em></span> <span class='ocrx_word' id='word_1_147' title='bbox 1869 2002 1984 2071; x_wconf 83' lang='grc' dir='ltr'><em>καὶ</em></span> <span class='ocrx_word' id='word_1_148' title='bbox 2035 2005 2298 2073; x_wconf 71' lang='grc' dir='ltr'><em>ἐνετεί-</em></span> 
     </span>
     <span class='ocr_line' id='line_1_20' title="bbox 348 2102 2300 2192; baseline 0.002 -22"><span class='ocrx_word' id='word_1_149' title='bbox 348 2103 559 2172; x_wconf 88' lang='grc' dir='ltr'><em>λαντό</em></span> <span class='ocrx_word' id='word_1_150' title='bbox 604 2130 717 2190; x_wconf 90' lang='grc' dir='ltr'><em>μοι</em></span> <span class='ocrx_word' id='word_1_151' title='bbox 760 2104 1102 2190; x_wconf 90' lang='grc' dir='ltr'><em>λέγοντες·</em></span> <span class='ocrx_word' id='word_1_152' title='bbox 1179 2102 1355 2192; x_wconf 83' lang='grc' dir='ltr'><em>,,ὃ’ρα</em></span> <span class='ocrx_word' id='word_1_153' title='bbox 1404 2105 1494 2192; x_wconf 85' lang='grc' dir='ltr'><em>μὴ</em></span> <span class='ocrx_word' id='word_1_154' title='bbox 1545 2103 1783 2184; x_wconf 73' lang='grc' dir='ltr'><em>δαίσεις</em></span> <span class='ocrx_word' id='word_1_155' title='bbox 1819 2106 1953 2173; x_wconf 81' lang='grc' dir='ltr'><em>τινὶ</em></span> <span class='ocrx_word' id='word_1_156' title='bbox 1993 2105 2058 2185; x_wconf 80' lang='grc' dir='ltr'><em>ἐξ</em></span> <span class='ocrx_word' id='word_1_157' title='bbox 2094 2104 2300 2192; x_wconf 77' lang='grc' dir='ltr'><em>ἡμῶν</em></span> 
     </span>
     <span class='ocr_line' id='line_1_21' title="bbox 351 2204 2301 2294; baseline 0.003 -23"><span class='ocrx_word' id='word_1_158' title='bbox 351 2205 434 2272; x_wconf 80' lang='grc' dir='ltr'><em>τὰ</em></span> <span class='ocrx_word' id='word_1_159' title='bbox 472 2206 940 2292; x_wconf 82' lang='grc' dir='ltr'><em>παρατεθέντα</em></span> <span class='ocrx_word' id='word_1_160' title='bbox 977 2223 1081 2273; x_wconf 89' lang='grc' dir='ltr'><em>σοι</em></span> <span class='ocrx_word' id='word_1_161' title='bbox 1115 2205 1457 2294; x_wconf 83' lang='grc' dir='ltr'><em>χρήματα,</em></span> <span class='ocrx_word' id='word_1_162' title='bbox 1508 2204 1628 2275; x_wconf 76' lang='grc' dir='ltr'><em>ἐὰν</em></span> <span class='ocrx_word' id='word_1_163' title='bbox 1663 2206 1861 2293; x_wconf 83' lang='grc' dir='ltr'><em>μήτοι</em></span> <span class='ocrx_word' id='word_1_164' title='bbox 1893 2232 1971 2292; x_wconf 91' lang='grc' dir='ltr'><em>γε</em></span> <span class='ocrx_word' id='word_1_165' title='bbox 2007 2210 2079 2273; x_wconf 82' lang='lat' dir='ltr'><em>oc</em></span> <span class='ocrx_word' id='word_1_166' title='bbox 2108 2222 2301 2294; x_wconf 88' lang='grc' dir='ltr'><em>τρεῖς</em></span> 
     </span>
     <span class='ocr_line' id='line_1_22' title="bbox 272 2304 2301 2396; baseline 0.003 -26"><span class='ocrx_word' id='word_1_167' title='bbox 272 2331 325 2370; x_wconf 80' lang='lat'><em>20</em></span> <span class='ocrx_word' id='word_1_168' title='bbox 351 2304 801 2393; x_wconf 77' lang='grc' dir='ltr'><em>ὁμοθυμαδὸν</em></span> <span class='ocrx_word' id='word_1_169' title='bbox 872 2313 1424 2395; x_wconf 90' lang='grc' dir='ltr'><em>παραγενοίμεθα</em></span> <span class='ocrx_word' id='word_1_170' title='bbox 1472 2307 1659 2396; x_wconf 67' lang='grc' dir='ltr'><em>’πρὸς</em></span> <span class='ocrx_word' id='word_1_171' title='bbox 1721 2307 1866 2376; x_wconf 78' lang='grc' dir='ltr'><em>σέ.“</em></span> <span class='ocrx_word' id='word_1_172' title='bbox 1964 2309 2126 2376; x_wconf 85' lang='grc' dir='ltr'><em>νυνὶ</em></span> <span class='ocrx_word' id='word_1_173' title='bbox 2190 2308 2301 2395; x_wconf 72' lang='grc' dir='ltr'><em>δὲ,</em></span> 
     </span>
     <span class='ocr_line' id='line_1_23' title="bbox 350 2406 2301 2498; baseline 0.001 -21"><span class='ocrx_word' id='word_1_174' title='bbox 350 2408 549 2497; x_wconf 84' lang='grc' dir='ltr'><em>κύριέ</em></span> <span class='ocrx_word' id='word_1_175' title='bbox 577 2434 746 2496; x_wconf 87' lang='grc' dir='ltr'><em>μου,</em></span> <span class='ocrx_word' id='word_1_176' title='bbox 790 2406 982 2493; x_wconf 84' lang='grc' dir='ltr'><em>ἰδού,</em></span> <span class='ocrx_word' id='word_1_177' title='bbox 1016 2406 1093 2475; x_wconf 83' lang='grc' dir='ltr'><em>τὸ</em></span> <span class='ocrx_word' id='word_1_178' title='bbox 1130 2415 1416 2496; x_wconf 89' lang='grc' dir='ltr'><em>χρυσίον</em></span> <span class='ocrx_word' id='word_1_179' title='bbox 1453 2407 1615 2496; x_wconf 83' lang='grc' dir='ltr'><em>παρ’</em></span> <span class='ocrx_word' id='word_1_180' title='bbox 1660 2412 1814 2495; x_wconf 81' lang='grc' dir='ltr'><em>ἐμοί</em></span> <span class='ocrx_word' id='word_1_181' title='bbox 1848 2412 2017 2478; x_wconf 81' lang='grc' dir='ltr'><em>ἐστι·</em></span> <span class='ocrx_word' id='word_1_182' title='bbox 2073 2409 2301 2498; x_wconf 75' lang='grc' dir='ltr'><em>πρόσ-</em></span> 
     </span>
     <span class='ocr_line' id='line_1_24' title="bbox 350 2507 2298 2600; baseline 0.001 -22"><span class='ocrx_word' id='word_1_183' title='bbox 350 2512 551 2592; x_wconf 82' lang='grc' dir='ltr'><em>ταξον</em></span> <span class='ocrx_word' id='word_1_184' title='bbox 609 2516 855 2578; x_wconf 87' lang='grc' dir='ltr'><em>τοίνυν</em></span> <span class='ocrx_word' id='word_1_185' title='bbox 916 2507 1079 2589; x_wconf 81' lang='grc' dir='ltr'><em>τούς</em></span> <span class='ocrx_word' id='word_1_186' title='bbox 1143 2525 1325 2600; x_wconf 90' lang='grc' dir='ltr'><em>τρεῖς</em></span> <span class='ocrx_word' id='word_1_187' title='bbox 1389 2509 1762 2589; x_wconf 74' lang='grc' dir='ltr'><em>κοινωνοὺς</em></span> <span class='ocrx_word' id='word_1_188' title='bbox 1829 2511 1940 2579; x_wconf 82' lang='grc' dir='ltr'><em>ἐπὶ</em></span> <span class='ocrx_word' id='word_1_189' title='bbox 1992 2510 2066 2578; x_wconf 88' lang='grc' dir='ltr'><em>τὸ</em></span> <span class='ocrx_word' id='word_1_190' title='bbox 2120 2508 2298 2579; x_wconf 78' lang='grc' dir='ltr'><em>αὐτὸ</em></span> 
     </span>
    </p>

    <p class='ocr_par' dir='ltr' id='par_1_4' title="bbox 275 2609 2299 3210">
     <span class='ocr_line' id='line_1_25' title="bbox 286 2609 2299 2701; baseline 0 -21"><span class='ocrx_word' id='word_1_191' title='bbox 286 2660 293 2666; x_wconf 88' lang='grc'>-</span> <span class='ocrx_word' id='word_1_192' title='bbox 352 2615 784 2701; x_wconf 82' lang='grc' dir='ltr'><em>παραστῆναί</em></span> <span class='ocrx_word' id='word_1_193' title='bbox 824 2637 970 2699; x_wconf 90' lang='grc' dir='ltr'><em>μοι,</em></span> <span class='ocrx_word' id='word_1_194' title='bbox 1018 2611 1368 2699; x_wconf 86' lang='grc' dir='ltr'><em>καθάπερ,</em></span> <span class='ocrx_word' id='word_1_195' title='bbox 1424 2609 1514 2691; x_wconf 66' lang='grc' dir='ltr'><em>ὣς</em></span> <span class='ocrx_word' id='word_1_196' title='bbox 1565 2618 1775 2700; x_wconf 82' lang='grc' dir='ltr'><em>ἔφην,</em></span> <span class='ocrx_word' id='word_1_197' title='bbox 1825 2609 2125 2680; x_wconf 82' lang='grc' dir='ltr'><em>κάκεῖνοι</em></span> <span class='ocrx_word' id='word_1_198' title='bbox 2160 2613 2299 2681; x_wconf 77' lang='grc' dir='ltr'><em>σὺν</em></span> 
     </span>
     <span class='ocr_line' id='line_1_26' title="bbox 351 2710 2299 2802; baseline 0.001 -22"><span class='ocrx_word' id='word_1_199' title='bbox 351 2712 661 2802; x_wconf 77' lang='grc' dir='ltr'><em>ἀκριβείᾳ</em></span> <span class='ocrx_word' id='word_1_200' title='bbox 708 2739 822 2800; x_wconf 86' lang='grc' dir='ltr'><em>μοι</em></span> <span class='ocrx_word' id='word_1_201' title='bbox 865 2713 1442 2801; x_wconf 83' lang='grc' dir='ltr'><em>κατηγγυήσαντο.</em></span> <span class='ocrx_word' id='word_1_202' title='bbox 1527 2715 1643 2781; x_wconf 84' lang='grc' dir='ltr'><em>καὶ</em></span> <span class='ocrx_word' id='word_1_203' title='bbox 1704 2710 1924 2792; x_wconf 79' lang='grc' dir='ltr'><em>οὕτως</em></span> <span class='ocrx_word' id='word_1_204' title='bbox 1977 2710 2013 2781; x_wconf 88' lang='grc' dir='ltr'>ὁ</span> <span class='ocrx_word' id='word_1_205' title='bbox 2063 2714 2299 2794; x_wconf 80' lang='grc' dir='ltr'><em>κοινὰς</em></span> 
     </span>
     <span class='ocr_line' id='line_1_27' title="bbox 275 2812 2297 2903; baseline 0.002 -25"><span class='ocrx_word' id='word_1_206' title='bbox 275 2837 326 2878; x_wconf 78' lang='lat'><em>25</em></span> <span class='ocrx_word' id='word_1_207' title='bbox 354 2813 589 2882; x_wconf 76' lang='grc' dir='ltr'><em>αὐτῶν</em></span> <span class='ocrx_word' id='word_1_208' title='bbox 633 2813 985 2902; x_wconf 85' lang='grc' dir='ltr'><em>θησαυρὸς</em></span> <span class='ocrx_word' id='word_1_209' title='bbox 1034 2813 1195 2903; x_wconf 83' lang='grc' dir='ltr'><em>παρ’</em></span> <span class='ocrx_word' id='word_1_210' title='bbox 1252 2816 1419 2901; x_wconf 83' lang='grc' dir='ltr'><em>ἐμοῦ</em></span> <span class='ocrx_word' id='word_1_211' title='bbox 1471 2812 1708 2895; x_wconf 83' lang='grc' dir='ltr'><em>αὐτοῖς</em></span> <span class='ocrx_word' id='word_1_212' title='bbox 1756 2813 2297 2901; x_wconf 77' lang='grc' dir='ltr'><em>ἀποδοθήσεταιῖ</em></span> 
     </span>
     <span class='ocr_line' id='line_1_28' title="bbox 354 2911 2292 3007; baseline 0 -23"><span class='ocrx_word' id='word_1_213' title='bbox 354 2916 465 2985; x_wconf 81' lang='grc' dir='ltr'><em>ἐπὶ</em></span> <span class='ocrx_word' id='word_1_214' title='bbox 501 2914 779 2994; x_wconf 81' lang='grc' dir='ltr'><em>ταύταις</em></span> <span class='ocrx_word' id='word_1_215' title='bbox 813 2919 1182 3007; x_wconf 82' lang='grc' dir='ltr'><em>τοιγαροῦν</em></span> <span class='ocrx_word' id='word_1_216' title='bbox 1216 2931 1368 2996; x_wconf 87' lang='grc' dir='ltr'><em>ταῖς</em></span> <span class='ocrx_word' id='word_1_217' title='bbox 1402 2918 1526 2984; x_wconf 91' lang='grc' dir='ltr'><em>τοῦ</em></span> <span class='ocrx_word' id='word_1_218' title='bbox 1566 2915 1805 2995; x_wconf 82' lang='grc' dir='ltr'><em>παιδὸς</em></span> <span class='ocrx_word' id='word_1_219' title='bbox 1859 2918 2126 3004; x_wconf 79' lang='grc' dir='ltr'><em>ἐκείνου</em></span> <span class='ocrx_word' id='word_1_220' title='bbox 2168 2911 2292 2985; x_wconf 68' lang='grc' dir='ltr'><em>’πι-</em></span> 
     </span>
     <span class='ocr_line' id='line_1_29' title="bbox 350 3014 2298 3106; baseline -0.001 -19"><span class='ocrx_word' id='word_1_221' title='bbox 350 3028 603 3096; x_wconf 85' lang='grc' dir='ltr'><em>θαναῖς</em></span> <span class='ocrx_word' id='word_1_222' title='bbox 648 3014 1033 3104; x_wconf 75' lang='grc' dir='ltr'><em>ὑποθήκαις</em></span> <span class='ocrx_word' id='word_1_223' title='bbox 1079 3016 1121 3105; x_wconf 80' lang='grc' dir='ltr'><em>ἦ</em></span> <span class='ocrx_word' id='word_1_224' title='bbox 1173 3017 1352 3103; x_wconf 88' lang='grc' dir='ltr'><em>γυνὴ</em></span> <span class='ocrx_word' id='word_1_225' title='bbox 1406 3017 1677 3106; x_wconf 83' lang='grc' dir='ltr'><em>σφόδρα</em></span> <span class='ocrx_word' id='word_1_226' title='bbox 1709 3016 2003 3105; x_wconf 78' lang='grc' dir='ltr'><em>ἡσθεῖσα</em></span> <span class='ocrx_word' id='word_1_227' title='bbox 2035 3018 2298 3106; x_wconf 88' lang='grc' dir='ltr'><em>ταχέως</em></span> 
     </span>
     <span class='ocr_line' id='line_1_30' title="bbox 350 3116 2298 3210; baseline 0.001 -23"><span class='ocrx_word' id='word_1_228' title='bbox 350 3117 766 3209; x_wconf 76' lang='grc' dir='ltr'><em>ὑποστρέφει</em></span> <span class='ocrx_word' id='word_1_229' title='bbox 800 3119 970 3210; x_wconf 84' lang='grc' dir='ltr'><em>πρὸς</em></span> <span class='ocrx_word' id='word_1_230' title='bbox 1004 3119 1127 3187; x_wconf 86' lang='grc' dir='ltr'><em>τὸν</em></span> <span class='ocrx_word' id='word_1_231' title='bbox 1164 3116 1466 3207; x_wconf 80' lang='grc' dir='ltr'><em>ἡγεμόνα</em></span> <span class='ocrx_word' id='word_1_232' title='bbox 1501 3121 1615 3189; x_wconf 82' lang='grc' dir='ltr'><em>καὶ</em></span> <span class='ocrx_word' id='word_1_233' title='bbox 1650 3120 1732 3188; x_wconf 76' lang='grc' dir='ltr'><em>τὰ</em></span> <span class='ocrx_word' id='word_1_234' title='bbox 1773 3118 1942 3208; x_wconf 87' lang='grc' dir='ltr'><em>πρὸς</em></span> <span class='ocrx_word' id='word_1_235' title='bbox 1978 3120 2101 3187; x_wconf 93' lang='grc' dir='ltr'><em>τοῦ</em></span> <span class='ocrx_word' id='word_1_236' title='bbox 2133 3144 2298 3189; x_wconf 72' lang='grc' dir='ltr'><em>παι-</em></span> 
     </span>
    </p>
   </div>
   <div class='ocr_carea' id='block_1_4' title="bbox 352 3408 2299 3620">
    <p class='ocr_par' dir='ltr' id='par_1_5' title="bbox 352 3408 2299 3620">
     <span class='ocr_line' id='line_1_31' title="bbox 493 3408 2299 3499; baseline 0.002 -31"><span class='ocrx_word' id='word_1_237' title='bbox 493 3420 575 3469; x_wconf 91' lang='grc'><em>10.</em></span> <span class='ocrx_word' id='word_1_238' title='bbox 615 3420 677 3468; x_wconf 92' lang='grc'><em>12</em></span> <span class='ocrx_word' id='word_1_239' title='bbox 715 3408 967 3499; x_wconf 59' lang='grc' dir='ltr'><em>ἅρχυρον</em></span> <span class='ocrx_word' id='word_1_240' title='bbox 994 3421 1128 3498; x_wconf 62' lang='lat' dir='ltr'><em>ped„</em></span> <span class='ocrx_word' id='word_1_241' title='bbox 1166 3409 1443 3497; x_wconf 67' lang='grc' dir='ltr'><em>ἀργύριον</em></span> <span class='ocrx_word' id='word_1_242' title='bbox 1469 3417 1515 3468; x_wconf 83' lang='grc' dir='ltr'><strong>Ρ</strong></span> <span class='ocrx_word' id='word_1_243' title='bbox 1654 3421 1719 3470; x_wconf 90' lang='grc'><em>10</em></span> <span class='ocrx_word' id='word_1_244' title='bbox 1754 3409 1941 3482; x_wconf 79' lang='grc' dir='ltr'><em>κάραν</em></span> <span class='ocrx_word' id='word_1_245' title='bbox 2082 3420 2146 3470; x_wconf 90' lang='grc'><em>18</em></span> <span class='ocrx_word' id='word_1_246' title='bbox 2184 3410 2299 3471; x_wconf 77' lang='grc' dir='ltr'><em>δώ·-</em></span> 
     </span>
     <span class='ocr_line' id='line_1_32' title="bbox 352 3486 2296 3605; baseline 0.001 -70"><span class='ocrx_word' id='word_1_247' title='bbox 352 3489 494 3605; x_wconf 65' lang='grc' dir='ltr'><em>ιέηςῗ</em></span> <span class='ocrx_word' id='word_1_248' title='bbox 536 3488 651 3545; x_wconf 80' lang='grc'><em>170,</em></span> <span class='ocrx_word' id='word_1_249' title='bbox 692 3488 756 3537; x_wconf 83' lang='grc'><em>16</em></span> <span class='ocrx_word' id='word_1_250' title='bbox 793 3502 902 3546; x_wconf 81' lang='grc' dir='ltr'><em>ορα</em></span> <span class='ocrx_word' id='word_1_251' title='bbox 938 3503 1015 3578; x_wconf 68' lang='grc' dir='ltr'><em>μη</em></span> <span class='ocrx_word' id='word_1_252' title='bbox 1055 3486 1360 3553; x_wconf 81' lang='grc' dir='ltr'><em>φωραθῃς.</em></span> <span class='ocrx_word' id='word_1_253' title='bbox 1395 3488 1554 3566; x_wconf 56' lang='lat' dir='ltr'><em>aliter·⁸</em></span> <span class='ocrx_word' id='word_1_254' title='bbox 1574 3488 1689 3549; x_wconf 83' lang='lat'><strong>166,</strong></span> <span class='ocrx_word' id='word_1_255' title='bbox 1718 3489 1780 3537; x_wconf 88' lang='grc'><em>19</em></span> <span class='ocrx_word' id='word_1_256' title='bbox 1805 3507 1873 3529; x_wconf 87' lang='lat'><em>==</em></span> <span class='ocrx_word' id='word_1_257' title='bbox 1900 3488 2015 3550; x_wconf 90' lang='grc'><em>100,</em></span> <span class='ocrx_word' id='word_1_258' title='bbox 2044 3488 2108 3537; x_wconf 88' lang='grc'><em>19</em></span> <span class='ocrx_word' id='word_1_259' title='bbox 2229 3489 2296 3537; x_wconf 87' lang='grc'><em>19</em></span> 
     </span>
     <span class='ocr_line' id='line_1_33' title="bbox 384 3546 1908 3620; baseline 0 -16"><span class='ocrx_word' id='word_1_260' title='bbox 384 3550 481 3617; x_wconf 83' lang='grc' dir='ltr'><em>αν]</em></span> <span class='ocrx_word' id='word_1_261' title='bbox 522 3560 663 3603; x_wconf 82' lang='lat' dir='ltr'><strong><em>recte</em></strong></span> <span class='ocrx_word' id='word_1_262' title='bbox 702 3548 758 3604; x_wconf 84' lang='grc' dir='ltr'><em>εἰ</em></span> <span class='ocrx_word' id='word_1_263' title='bbox 793 3554 907 3616; x_wconf 83' lang='grc'><em>163,</em></span> <span class='ocrx_word' id='word_1_264' title='bbox 948 3556 1011 3603; x_wconf 71' lang='lat'><em>20</em></span> <span class='ocrx_word' id='word_1_265' title='bbox 1146 3556 1212 3604; x_wconf 90' lang='grc'><em>22</em></span> <span class='ocrx_word' id='word_1_266' title='bbox 1249 3546 1559 3606; x_wconf 73' lang='grc' dir='ltr'><em>ἐπιτοαυτο</em></span> <span class='ocrx_word' id='word_1_267' title='bbox 1596 3561 1649 3605; x_wconf 81' lang='lat' dir='ltr'><em>ut</em></span> <span class='ocrx_word' id='word_1_268' title='bbox 1690 3558 1804 3620; x_wconf 78' lang='lat'>152,</span> <span class='ocrx_word' id='word_1_269' title='bbox 1842 3557 1908 3606; x_wconf 85' lang='grc'><em>26</em></span> 
     </span>
    </p>
   </div>
   <div class='ocr_carea' id='block_1_5' title="bbox 2527 697 2531 3511">
    <p class='ocr_par' dir='ltr' id='par_1_6' title="bbox 2527 697 2531 3511">
     <span class='ocr_line' id='line_1_34' title="bbox 2527 697 2531 3511; baseline 0 0"><span class='ocrx_word' id='word_1_270' title='bbox 2527 697 2531 3511; x_wconf 95' lang='lat' dir='ltr'><em> </em></span> 
     </span>
    </p>
   </div>
  </div>
 </body>
</html>
