2563 4087
351 202 481 268 280
1163 203 1416 270 Aesopus
1451 203 1480 254 1

355 370 600 451 θερίαν
636 361 858 430 αὐτοῦ
894 365 983 448 τῇ
1020 358 1276 430 πόλει.“
1332 359 1370 429 ὁ
1409 359 1486 429 δὲ
1514 359 1787 440 Ξάνθος
1824 359 1955 430 οὐκ
1993 362 2308 430 ἐπένευε.

355 465 470 533 καὶ
508 462 544 533 ὁ
582 463 911 552 πρύτανις
948 467 1109 550 ἔφη·
1167 461 1470 549 ,,Ξάνθε,
1522 469 1587 532 εί
1618 461 1708 550 μή
1745 482 1849 530 σοι
1881 467 2075 531 δοκεῖ
2105 459 2310 532 ὑπα-

151 590 259 645 ρπο
271 593 313 635 b.
356 570 601 635 κοῦσαι
632 566 729 656 τῷ
757 562 973 655 δήμῳ,
1016 562 1148 649 ἐγω
1176 568 1384 651 τῆσδε
1408 564 1527 650 τῆς
1557 561 1736 652 ὥρας
1765 572 2095 634 Αἴσωπον
2125 562 2309 632 άπε-

359 666 691 754 λεύθερον
719 661 804 734 ἂν
833 664 1197 753 ποιήσαιμι,
1237 666 1354 734 καὶ
1381 664 1533 734 τότε
1560 685 1664 734 σοι
1691 662 2005 753 ὁμότιμος
2038 663 2303 734 ἔσται.“

304 795 330 835 5
357 768 725 855 τηνικαῦτα
757 774 1000 835 τοίνυν
1036 765 1074 835 ὁ
1111 765 1386 847 ,Ξάνθος
1422 763 1688 854 ἀνάγκῃ
1724 767 1851 852 τὴν
1888 768 2308 855 ἐλευθερίαν

359 869 669 938 ἐπέδωκε.
753 869 869 937 καὶ
931 867 968 937 ὁ
1029 868 1242 956 κήρυξ
1314 867 1503 957 ἐβόα·
1594 918 1639 956 ‚‚
1654 868 1929 948 Ξάνθος
1988 865 2027 935 ὁ
2090 867 2305 955 φιλό-

357 990 568 1057 σοφος
620 972 975 1058 ἐλευθεροῖ
1033 977 1321 1057 Σαμίοις
1387 966 1787 1039 Αἴσωπον.“
1883 967 2015 1037 κάν
2067 969 2340 1061 τούτῳ·

357 1072 566 1160 πέρας
639 1068 676 1139 ὁ
746 1072 870 1140 τοῦ
931 1069 1264 1141 Αἰσώπου
1341 1069 1543 1155 λόγος
1604 1069 1900 1158 εἰλήφει,
1978 1071 2300 1158 φαμένου

356 1173 526 1261 πρὸς
598 1171 721 1241 τὸν
779 1171 1059 1253 Ξάνθον
1133 1170 1225 1252 ὥς
1294 1223 1313 1258 ,
1324 1173 1469 1259 ,καὶ
1545 1167 1729 1240 ἄκων
1810 1171 2300 1260 ἐλευθερώσεις

284 1303 333 1342 ιο
360 1272 512 1362 με.“
603 1283 898 1355 ἰῖσωπος
945 1263 1073 1342 οὖν
1125 1276 1519 1363 ἐλευθερίας
1565 1271 1821 1360 τυχών,
1871 1273 2034 1354 στὰς
2069 1281 2172 1354 εἰς
2207 1275 2291 1341 τὸ

353 1377 563 1464 μέσον
611 1381 770 1463 ἔφη·
842 1372 1132 1464 »ἄνδρες
1168 1374 1439 1463 Σάμιοι,
1476 1372 1512 1443 ὁ
1549 1372 1675 1462 μὲν
1709 1372 1931 1461 ἀετός,
1986 1372 2079 1455 ὥς
2120 1384 2304 1462 ἴστε,

273 1508 277 1512 ·
353 1477 670 1565 βασιλεὺς
714 1477 855 1546 τῶν
902 1475 1207 1566 ὀρνίθων
1246 1479 1454 1546 ἐστίν.
1526 1472 1626 1544 ’ὅτι
1660 1475 1737 1545 δὲ
1771 1473 1894 1544 τὸν
1930 1496 2300 1564 στρατηγι-

355 1581 480 1647 κόν
528 1577 899 1648 δακτύλιον
947 1570 1148 1658 οὗτος
1195 1575 1508 1666 ἁρπάσας
1557 1575 1818 1665 άφῆκεν
1879 1583 1980 1657 είς
2030 1577 2302 1647 δούλου

355 1680 638 1765 κόλπον,
688 1683 894 1748 τοῦτο
930 1686 1279 1768 σημαίνειν
1315 1681 1555 1766 ὃῆλον,·
1590 1674 1691 1746 ὅτι
1723 1681 1862 1747 τῶν
1896 1679 2061 1748 νυνὶ
2096 1684 2305 1765 βασι-

280 1810 331 1851 15
356 1781 532 1850 λέων
590 1806 688 1860 τις
743 1780 1063 1868 βούλεται
1108 1778 1306 1869 ὑμῶν
1370 1779 1496 1866 τὴν
1558 1782 1957 1869 ἐλευθερίαν
2021 1784 2302 1850 δουλῶ-

358 1900 502 1968 σαι,
567 1883 682 1950 καὶ
756 1882 918 1963 τούς
991 1889 1279 1970 κυρίους
1352 1881 1609 1970 νόμους
1677 1880 1980 1970 ἀκύρους
2051 1882 2288 1963 δεῖξαι.

355 1986 570 2054 ταῦτα
662 1988 734 2052 oc
819 1983 945 2073 μὲν
1029 1983 1274 2073 Σάμιοι
1351 1980 1817 2071 ’άκούσαντες,
1922 1991 2298 2072 κατηφείας

493 2183 521 2231 1
560 2173 836 2233 ἐπένευεν
872 2181 929 2229 Μ
1042 2186 1073 2238 3
1109 2178 1211 2247 τῆς
1247 2175 1315 2232 δὲ
1351 2181 1423 2246 Ζ,
1462 2188 1513 2231 in
1548 2180 1597 2231 R
1632 2177 1804 2245 τῆςδε
1838 2197 1974 2232 corr.
2000 2199 2073 2232 ex
2095 2180 2202 2241 t‘c
2226 2178 2301 2235 δὲ

492 2239 665 2314 ὥρας]
706 2250 781 2310 ef.
815 2245 1031 2299 alteram
1065 2251 1411 2300 recensionem
1537 2247 1792 2300 αἶ’σωπον
1829 2264 1921 2299 om.
1959 2248 2008 2299 Φ
2168 2245 2299 2301 λεύ-

356 2314 538 2379 θερον
575 2316 629 2365 Η
654 2316 699 2365 Ε
725 2315 766 2364 Ζ
791 2315 842 2364 K
865 2330 901 2364 v
1004 2319 1038 2366 4
1072 2308 1312 2381 ποιήσαι
1336 2331 1435 2378 μοι
1460 2317 1504 2366 Ρ
1540 2311 1779 2395 ποιῇσαι
1814 2332 1880 2380 μι
1912 2318 1960 2366 E
2067 2318 2100 2367 5
2135 2309 2301 2369 ἐλευ-

358 2381 556 2447 τερίαν
589 2384 630 2433 Ζ
734 2384 767 2433 6
802 2374 1068 2434 ἀπέδωκε
1104 2385 1153 2435 R
1178 2384 1226 2435 Φ
1251 2384 1299 2433 Ε
1324 2385 1375 2434 K
1400 2384 1440 2432 Z
1463 2400 1500 2433 v
1606 2382 1827 2461 8v0oe‚P
1931 2385 1960 2434 ⁷
1999 2384 2212 2452 σαμίης
2245 2385 2296 2435 Ρ

1705 2466 1819 2501 κακ

515 2514 808 2583 Αἴσωπον]
848 2509 950 2570 τόν
986 2516 1245 2570 αἴσωπον
1280 2519 1328 2568 E
1355 2519 1407 2569 K
1430 2518 1471 2567 Z
1494 2534 1530 2569 v
1702 2508 1814 2568 κᾶν
1846 2517 1964 2569 Βαι.
1990 2534 2096 2584 pr„
2143 2509 2261 2570 κάκ

356 2582 592 2664 dqletum.
630 2574 742 2666 κᾷν
778 2586 813 2637 b
858 2577 970 2637 κάν
1004 2586 1051 2637 Ρ
1239 2588 1271 2637 8
1319 2584 1502 2638 τοῦτω
1542 2587 1735 2650 sactum
1770 2600 1840 2635 ecc
1875 2584 2045 2638 τοῦτο
2081 2587 2125 2636 Ζ

355 2654 521 2720 λογος
559 2649 788 2719 εἰληφει
823 2670 918 2707 om.
955 2652 1003 2704 Φ
1174 2655 1377 2705 redolet
1408 2669 1687 2705 sermonem
1721 2653 1858 2704 Noui
1888 2654 2144 2706 Foederis

355 2722 386 2772 9
422 2710 496 2780 ὥς
532 2718 657 2786 καὶ]
696 2712 772 2781 ὥς
809 2720 857 2772 Φ
891 2724 1028 2772 inter
1060 2737 1133 2787 με
1169 2728 1222 2772 et
1257 2719 1517 2782 Αἴσωπος
1553 2724 1605 2773 in
1638 2720 1687 2769 A
1721 2737 1848 2771 unus
1881 2737 2061 2773 uer-cue
2083 2725 2139 2772 in
2159 2723 2300 2773 serie

355 2790 605 2839 oratt‘om's
640 2795 693 2838 et
727 2796 835 2839 tres
869 2791 921 2839 in
956 2790 1186 2854 marqz‘ne
1220 2791 1378 2853 erasi,
1416 2805 1542 2840 unus
1590 2788 1701 2855 (qui
1733 2795 1847 2839 erat
1883 2781 2068 2841 κακὸν
2107 2784 2300 2841 εἰπεῖν

355 2853 530 2905 ποίει.
565 2846 799 2907 πάντωσ
835 2852 935 2907 καὶ
972 2847 1128 2907 ἄκων
1161 2846 1574 2924 ἐλευθερώσεις
1607 2852 1703 2923 με)
1741 2858 1958 2908 detritus
2061 2854 2137 2908 10·
2161 2843 2297 2922 οὖν]

357 2920 561 2974 τοίνυν
597 2922 643 2984 Q
783 2914 873 2990 τὸ]
914 2916 1015 2974 τὸν
1044 2940 1175 2988 pars
1212 2926 1330 2975 edd.
1468 2926 1530 2974 11
1567 2919 1755 2990 μέσων
1790 2924 1836 2974 Ρ
1966 2914 2043 2984 ὥς
2077 2925 2132 2975 in
2165 2941 2302 2976 mar·-

353 2991 471 3055 9ine
504 2991 762 3054 suppleuit
796 2991 848 3039 K
974 2989 1110 3043 ἴσθε
1146 2991 1195 3043 R
1218 2991 1271 3041 K
1405 2994 1467 3043 12
1506 2982 1826 3077 στρατῃκόν
1859 2991 1908 3041 Δ
1941 3006 2153 3058 στρατη
2190 3008 2302 3043 cum

357 3059 652 3133 compfndio
689 3073 787 3137 quo
821 3060 1138 3123 siqnificaeur
1173 3050 1278 3110 κὸν
1315 3058 1361 3108 Ρ
1535 3061 1599 3110 13
1648 3074 1816 3119 ουτος
1853 3050 2213 3125 ἀφαρπάσας
2247 3061 2302 3124 Q

357 3116 621 3189 ἇρπασας
669 3139 839 3185 ουτος
875 3125 924 3177 Φ
1055 3120 1186 3190 ἀρπ.
1223 3132 1341 3177 mut.
1376 3129 1429 3177 in
1459 3117 1597 3192 άρπ.
1632 3127 1692 3178 Μ
1830 3124 2043 3179 δοῦλον
2075 3127 2118 3177 Ζ
2156 3119 2296 3179 δού-

354 3192 535 3249 λον,,Ρ
572 3190 792 3244 ὃοῦλου
826 3207 861 3242 a
900 3251 915 3271 r
1037 3196 1101 3244 14
1137 3192 1442 3274 σῃμαίνειν
1489 3190 1784 3262 (σημένειν
1816 3192 1891 3259 Ρ)
1930 3189 2007 3259 ὀὶ]
2054 3198 2297 3261 σημεῖον

353 3258 536 3324 δῆλον
638 3296 652 3310 .
701 3275 1040 3327 σημειωσειν
1086 3260 1357 3328 βουλεται
1399 3262 1514 3313 ΚΖ
1539 3278 1576 3311 v
1713 3257 1826 3315 τῶν
1869 3278 1963 3313 om.
1997 3261 2046 3311 A
2071 3264 2122 3328 1,
2172 3264 2298 3313 add.

352 3327 401 3378 A
425 3330 455 3377 ‘2
633 3323 914 3381 ασιλεῦων
948 3327 997 3378 A
1062 3381 1085 3404 e
1136 3330 1200 3380 15
1234 3328 1324 3389 τίς
1360 3330 1409 3379 Β.
1435 3332 1481 3394 Q
1507 3329 1559 3380 D
1582 3330 1627 3381 P
1655 3330 1696 3379 Z
1719 3346 1772 3393 v,
1809 3326 1896 3388 τὶς
1931 3329 1984 3380 Κ
2110 3322 2295 3396 ὑμῶν]
2391 3365 2420 3383 .

351 3387 493 3459 ὑμῖν
532 3396 578 3460 Q
615 3387 782 3461 ἡμῶν
817 3396 861 3446 Ρ
981 3397 1045 3446 16
1078 3394 1322 3461 μυρίους
1357 3396 1427 3462 D,
1465 3414 1501 3449 κ
1534 3413 1696 3463 supra
1729 3402 1764 3450 l.
1799 3413 1839 3461 μ
1872 3396 1926 3446 D
1950 3399 1981 3447 2
2097 3395 2295 3517 δεῖξαι

353 3478 453 3512 non
489 3471 695 3526 oportet
727 3465 915 3514 mutari
946 3466 998 3513 in
1034 3454 1347 3527 ἀποδεῖξαι
1504 3467 1566 3516 17
1604 3465 1786 3517 ταῦτα
1823 3480 1916 3516 om.
1957 3464 2005 3516 Φ
2153 3479 2194 3530 μ
2229 3459 2289 3529 ν]

356 3522 463 3590 μὲν
500 3515 604 3579 οὖν
640 3529 688 3581 Φ
828 3527 1125 3596 κατηφίας
1160 3532 1204 3582 Ρ
1995 3539 2008 3548 “
