2563 4087
431 231 554 294 120
1264 232 1418 282 V111.
1458 232 1514 282 s.

428 378 597 461 ,,τῆς
631 376 797 459 ζωῆς
834 370 1046 441 αὐτοῦ
1085 372 1256 458 μέγα
1293 369 1505 440 κακὸν
1540 374 1656 441 καὶ
1707 379 1993 451 κλεψίαν
2031 370 2361 460 ποιήσει.“

425 475 690 544 τούτων
739 471 956 552 οὕτως
1015 475 1457 559 λαληθέντων
1505 471 1687 561 παρά
1739 477 1862 541 τοῦ
1911 472 2365 564 ἀστρολόγον,

427 578 605 662 λέγει
654 573 826 665 πρὸς
875 573 1090 644 αὐτὸν
1151 572 1189 641 ὁ
1241 573 1462 663 πατὴρ
1527 580 1652 644 τοῦ
1687 575 2040 661 τεχθέντος
2091 575 2360 654 παιδός·

433 683 613 765 ,,νῦν
649 675 888 745 λοιπὸν
924 673 1047 744 ὅλα
1083 677 1254 744 κατὰ
1288 673 1616 763 ἀλήθειαν
1646 677 2074 766 ἐφανέρωσας
2101 680 2198 770 τῷ
2234 687 2359 767 βα·-

374 808 399 846 5
431 785 657 867 ,,σιλεῖ
698 779 781 846 τὰ
830 778 984 865 περὶ
1016 780 1139 854 τοῦ
1172 777 1621 865 γεννηθέντος
1655 805 1769 866 μοι
1801 777 2040 858 παιδός
2057 776 2126 859 ;“
2197 777 2236 850 ὃ
2287 780 2370 848 δέ

431 879 670 968 ,,ναί,“
708 886 946 968 φησίν,
983 870 1085 966 ,,ὦ
1122 879 1484 967 φιλόσοφε·
1533 881 1650 948 καὶ
1698 879 1829 967 γὰρ
1875 879 2169 968 ἀκριβῶς
2221 883 2359 962 ἑξέ-

429 1001 644 1069 ,,τασα
679 981 761 1050 τοὶ
797 981 952 1070 περὶ
986 983 1102 1067 τῆς
1137 982 1345 1069 τύχης
1380 983 1503 1049 τοῦ
1534 981 1796 1067 παιδός,
1833 982 1945 1050 καὶ
1982 971 2193 1070 εὗρον
2223 981 2359 1052 ὅτι-

428 1107 602 1172 ,,περ
639 1082 890 1171 λῃστὴς
925 1081 1274 1168 γενήσεται
1311 1083 1425 1151 καὶ
1452 1085 1722 1171 λῃστῶν
1759 1079 1794 1150 ὁ
1821 1083 2360 1185 χαλεπιύτατόςζί

423 1183 814 1273 ἀποκριθεὶς
851 1184 929 1253 δὲ
965 1182 1000 1252 ὁ
1040 1183 1412 1273 φιλόσοφος
1450 1185 1625 1269 λέγει
1662 1187 1900 1275 ἐκείνῳ
1934 1185 2028 1275 τῷ
2064 1192 2334 1273 βασιλεῖ
2346 1205 2364 1219 ’

349 1316 398 1354 10
426 1287 611 1374 ,,ε’γώ
645 1286 881 1355 λοιπὸν
897 1285 1018 1354 τὸν
1042 1284 1205 1373 ἐμὸν
1233 1289 1447 1354 παῖδα
1473 1285 1818 1354 παιδεύσω
1845 1283 2062 1366 οὕτως
2092 1290 2169 1356 έν
2186 1289 2367 1369 τάξει

427 1389 755 1477 »τοιαύτῃ
775 1440 793 1475 ,
828 1391 951 1454 τοῦ
990 1385 1079 1473 μὴ
1107 1388 1380 1472 ποιῆσαι
1408 1384 1621 1456 αὐτὸν
1648 1385 1965 1474 τοιαύτην
1992 1387 2155 1457 ποτὲ
2182 1392 2357 1478 πρᾶ-

430 1492 610 1577 „Sur
662 1489 833 1557 ἀλλὰ
895 1493 1154 1574 μᾶλλον
1202 1488 1458 1575 ποιήσω
1506 1487 1721 1557 αὐτὸν
1770 1488 2050 1575 φεύγειν
2099 1491 2173 1557 ἐκ
2221 1495 2360 1559 τῶν

429 1588 1048 1680 »ἀπηγορευμένων
1086 1588 1223 1678 [καὶ
1258 1587 1511 1678 κακῶν]
1547 1586 1924 1677 πράξεων.“
1995 1588 2031 1658 ὁ
2067 1591 2195 1679 μὲν
2235 1584 2365 1661 οὖν

427 1692 784 1778 γεννηθεὶς
820 1706 983 1771 παῖς
1019 1688 1194 1760 dmm*
1233 1696 1470 1779 μηνῶν
1504 1691 1837 1778 γεγονώς,
1878 1693 2192 1773 διέκοψεν
2231 1692 2361 1762 αὐ·-

352 1818 401 1857 15
429 1790 551 1860 τὸν
588 1795 710 1861 τοῦ
748 1793 1057 1881 βυζάνειν
1091 1792 1167 1861 τὸ
1205 1794 1382 1879 γάλα
1415 1795 1530 1879 τῆς
1566 1793 1842 1882 μητρός·
1879 1790 2169 1882 ὕστερον
2206 1796 2287 1864 δὲ
2322 1794 2362 1865 ὁ

227 1869 406 1917 Ρ“15οΒ“
428 1892 646 1983 πατὴρ
697 1892 917 1963 αὐτοῦ
971 1897 1423 1980 ἐγκατακλείει
1468 1890 1682 1962 αὐτὸν
1745 1897 1819 1964 ἐν
1867 1893 2169 1987 ὁσπητίῳ
2229 1897 2366 1966 τινὶ

426 1997 541 2065 καὶ
576 1998 806 2085 τρέφει
841 1994 1055 2066 αὐτὸν
1102 1995 1184 2084 μὲ
1219 1996 1527 2086 τρυφερὰ
1576 1997 1691 2065 καὶ
1737 1997 2003 2084 μαλακὰ
2051 1997 2364 2087 βρωσιμα

426 2100 539 2167 καὶ
577 2103 802 2168 πᾶσαν
838 2103 1197 2168 παίδευσιν
1247 2096 1462 2167 αὐτὸν
1511 2098 1884 2167 ἐκδιδάσκει
1927 2100 2043 2167 καὶ
2093 2101 2363 2189 ἐντιμό-

424 2226 607 2287 τητα.
663 2201 777 2268 καὶ
806 2198 1022 2279 οὕτως
1048 2200 1170 2268 τὸν
1196 2200 1357 2268 υἱὸν
1383 2199 1547 2287 μετὰ
1576 2199 1795 2287 πάσης
1824 2198 2167 2290 ἀκριβείας
2197 2227 2358 2271 παι-

349 2326 399 2365 20
427 2299 673 2388 δεύων,
711 2298 837 2369 οὐκ
873 2300 1135 2389 ἀφῆκεν
1172 2298 1345 2380 ὅλως
1380 2302 1531 2369 τινά
1567 2327 1727 2370 ποτε
1762 2304 1884 2369 τοῦ
1919 2305 2148 2371 ἐλθεῖν
2185 2304 2362 2392 πρὸς

427 2399 664 2487 αὐτόν,
686 2400 852 2471 οὐδὲ
869 2403 946 2469 τὸ
974 2407 1247 2471 παιδίον
1278 2404 1402 2483 ἔξω
1428 2405 1551 2472 τοῦ
1581 2402 1911 2490 ὁσπητίου
1941 2414 2356 2491 περιπατεῖν.

426 2501 575 2571 ἀλλ’
610 2501 779 2571 οὐδέ
807 2530 869 2571 τι
893 2504 1105 2572 κακὸν
1140 2507 1278 2580 τῶν
1306 2506 1429 2572 τοῦ
1460 2504 1719 2591 κόσμου
1748 2502 1966 2593 ἀφῆκε
1992 2503 2115 2573 τόν
2141 2512 2360 2575 παῖδα

424 2615 672 2692 μαθεῖν
707 2601 749 2692 ἢ
784 2605 1087 2675 ἀκοῦσαι.
1143 2607 1258 2674 καὶ
1288 2603 1504 2685 οὕτως
1540 2604 2085 2695 ἀνατρεφόμενος
2113 2603 2362 2697 ἤρξατο

561 2870 589 2916 1
627 2867 879 2932 κλεψίαν
913 2873 948 2919 ι’.
978 2888 1024 2922 e.
1060 2864 1281 2936 κλοπήν
1315 2869 1370 2919 Μ
1518 2872 1551 2919 6
1588 2859 1832 2933 ἔξὲτασα
1869 2870 1938 2931 cf.
1979 2872 2104 2931 119,
2147 2873 2225 2922 15.
2273 2864 2361 2935 ἐξ·

425 2925 676 3013 ετᾴσασα
710 2936 773 2990 V.
811 2928 1084 2999 ἐξετάσας
1118 2934 1220 2989 καὶ
1264 2933 1621 3004 σννζητήσας
1660 2926 1830 3002 εὗρον
1864 2938 1921 2986 Μ
2058 2940 2091 2989 8
2125 2930 2158 2990 ὁ
2232 2940 2363 2992 αλε-

422 3017 682 3061 πωτατος
715 3003 773 3052 Μ
809 3021 1004 3071 quoque
1039 3006 1190 3056 habet
1329 3008 1389 3055 11
1427 3002 1642 3068 πρᾶξιν
1664 3000 1803 3057 ποτέ
1839 3005 1888 3054 A
2026 3009 2090 3058 13
2126 3023 2204 3058 κα
2261 3023 2358 3058 om.

424 3069 535 3122 BV.
570 3067 672 3131 nal
696 3071 888 3134 κακῶν
911 3089 1005 3125 om.
1030 3074 1111 3121 M:
1146 3074 1346 3122 seclusi.
1381 3089 1429 3124 u.
1457 3073 1507 3122 D
1623 3074 1689 3123 14
1712 3061 1860 3123 ὀκτώ
1887 3070 2086 3140 μηνῶν
2110 3064 2361 3140 γεγονός

424 3136 509 3199 (cl.
538 3139 659 3195 122.
697 3141 786 3200 22)
822 3155 982 3205 saepe
1025 3142 1311 3205 scriptores
1346 3141 1593 3191 direxerunt
1635 3142 1755 3191 inde
1801 3157 1835 3190 a
1870 3141 2111 3206 Polybi&
2161 3145 2226 3193 de
2261 3157 2361 3207 quo

422 3206 609 3254 iniuria
645 3207 891 3257 dubitauit
928 3207 1104 3259 Cobet·
1262 3201 1542 3272 διέκοψεν
1564 3207 1661 3257 BV
1699 3206 1790 3271 (so.
1818 3213 2004 3272 patet-3
2041 3209 2202 3271 MD)=
2240 3204 2358 3260 διέ-

422 3279 618 3336 κοψαν
654 3274 701 3322 Α
818 3276 879 3324 15
915 3266 1207 3340 βυζάνειν]
1248 3290 1446 3339 sugere
1484 3276 1553 3336 cf.
1591 3273 1789 3325 Corais
1826 3275 2050 3326 Heliod.
2080 3292 2137 3341 p.
2161 3279 2197 3327 5
2230 3278 2360 3327 med.

561 3342 622 3390 16
658 3332 912 3406 ὀσπητίῳ
951 3343 996 3387 V
1126 3343 1188 3392 17
1224 3336 1294 3407 μὲ
1331 3345 1364 3392 ι’.
1405 3361 1452 3409 q.
1493 3333 1593 3393 διὰ
1630 3358 1675 3393 e.
1710 3358 1828 3407 yen.
1864 3345 2193 3402 coniunctum,
2234 3345 2362 3395 Ger-

422 3423 677 3458 manorum
711 3411 833 3470 mit,
870 3426 900 3458 e
933 3425 1165 3461 sermone
1198 3413 1402 3476 uolgari
1434 3411 1744 3462 Graecorum
1776 3412 2236 3463 recentissimam
2270 3413 2357 3462 de-

420 3483 643 3525 sumtum.
715 3470 1045 3541 μετρνφερά
1083 3479 1127 3527 V
1274 3481 1341 3529 20
1385 3474 1511 3544 τοῦ]
1552 3478 1834 3542 prohibuit.
1878 3493 1946 3529 ne
1981 3480 2103 3544 quis
2141 3480 2363 3530 ueniret

558 3545 620 3592 21
661 3536 938 3609 ὄσπητίου
974 3544 1024 3594 V
