2563 4087
431 289 558 353 260
1242 263 1493 354 Aesopus
1528 284 1557 337 1

431 470 641 535 νησον
678 442 999 516 ἀπελθών
1049 448 1187 514 πᾶν
1226 442 1261 512 ὅ
1297 471 1359 512 τι
1393 443 1845 534 χρηστότατόν
1880 471 1952 513 τε
1997 446 2109 513 καὶ
2143 445 2356 532 βέλτμ

433 548 664 619 στον.“
721 546 756 616 ὃ
785 547 861 617 δὲ
887 545 1107 615 ἀπιών
1135 544 1283 615 καθ’
1320 546 1565 615 ἑαυτὸν
1597 552 1855 632 ἔλεγεν·
1908 547 2093 633 ,,ε’γώ
2120 546 2357 624 διδάξω

435 652 558 719 τὸν
595 649 929 736 δεσπότην
959 649 1051 736 μὴ
1076 645 1270 737 μωροὶ
1303 645 1839 716 διατάττεσθαιίς.
1905 647 2200 733 γλώττας
2233 637 2358 714 οὖν

436 753 650 840 μόνας
684 748 919 830 ὑείους
968 749 1333 837 πριάμενος
1381 751 1495 817 καὶ
1537 749 1914 836 ἑτοιμάσας,
1949 747 2360 817 άνακλιθεῖσι

384 880 410 920 5
437 856 745 940 γλῶτταν
782 849 996 938 ὀπτὴν
1027 850 1446 941 ἑκάστωσύν
1474 849 1789 942 ὀξυγάρῳ
1818 852 2176 939 παρέθηκε.
2224 851 2360 916 τῶν

418 952 513 1021 ’δὲ
541 956 1000 1040 σχολαστικῶν
1032 952 1529 1022 ἐπαινεσάντων
1549 948 1640 1031 (ὃς
1668 949 2048 1039 φιλόσοφον
2072 950 2147 1019 τὸ
2174 953 2359 1038 πρώ-

435 1082 554 1123 τον
607 1058 850 1142 ἔδεσμα
921 1055 1029 1123 διὰ
1078 1053 1202 1141 τὴν
1247 1055 1369 1139 τῆς
1395 1052 1718 1140 ,γλώττης
1778 1051 1947 1141 πρὸς
1994 1051 2116 1121 τὸν
2162 1050 2362 1138 λόγον

435 1155 840 1245 ὑπηρεσίαν,
898 1155 1103 1223 πάλιν
1156 1164 1477 1233 Αἴσωπος
1535 1152 1755 1241 ἑφθὰς
1807 1153 2110 1238 γλώττας
2158 1155 2364 1241 παρέ-

435 1269 622 1345 θηκε.
678 1260 792 1326 καὶ
831 1247 1034 1336 αὖθις
1070 1247 1163 1324 αὖ
1189 1255 1543 1344 βρώματος
1571 1256 1968 1342 αἰτηθέντος
2005 1253 2212 1324 ἄλλον
2251 1255 2364 1322 καὶ

361 1386 411 1425 10
439 1357 677 1445 ἄλλον,
713 1354 750 1427 ὃ
776 1357 840 1426 δ’
883 1357 1090 1427 οὐδὲν
1129 1360 1358 1445 ἕτερον
1395 1354 1497 1425 ὅτι
1529 1355 1619 1444 μὴ
1653 1354 1956 1442 γλώττας
1993 1355 2363 1445 προύτίθει.

437 1466 575 1528 τῶν
605 1460 682 1528 δὲ
711 1463 1167 1547 σχολαστικῶν
1210 1460 1320 1527 ἐπὶ
1358 1461 1452 1548 τῷ
1490 1456 1717 1550 ταύτῷ
1751 1459 1869 1544 τῆς
1904 1460 2163 1545 τροφῆς
2198 1456 2357 1542 ἄγα·

436 1562 920 1648 νακτησάντων
988 1561 1103 1628 καὶ
1157 1554 1396 1648 ’,,με’χρι
1441 1567 1630 1639 τίνος
1683 1558 1986 1645 γλώττας
2005 1558 2072 1640 ;“
2135 1559 2367 1628 εἰπόν-

437 1689 601 1749 των,
650 1663 766 1729 καὶ
814 1660 1197 1750 ώς’,,ἡμεῖς
1233 1661 1322 1730 δι’
1375 1659 1626 1749 ἡμέρας
1674 1660 1976 1746 γλώττας
2029 1664 2367 1739 ἐσθίοντες

437 1764 559 1841 τὰς
621 1759 943 1850 ἡμετέρας
1006 1759 1482 1851 ἠλγήσαμενίζ,
1547 1760 1587 1829 ὁ
1636 1762 1907 1841 Ξάνθος
1945 1762 2140 1849 -φησὶ
2206 1759 2367 1847 πρός

365 1889 415 1928 15
443 1863 685 1953 ὀργήν·
743 1862 1001 1953 ,,οὐδε’ν
1038 1884 1142 1932 σοι
1177 1864 1502 1951 πάρεστιν
1542 1865 1796 1951 ἕτερον,
1845 1872 2125 1932 Αἴσωπε
2141 1862 2208 1945 ;“
2259 1865 2368 1930 καὶ

442 1964 548 2046 ὅς·
591 1963 723 2055 ,,οὐ
762 1964 998 2053 δῆταίι.
1063 1964 1405 2045 κάκεῖνος·
1448 1956 1754 2052 ,,οὕκουν
1785 1964 2213 2065 ἐνετεξλάμην
2248 1985 2368 2051 σοι,

443 2063 822 2157 κατάρατον
858 2066 1283 2157 ἀνθρώπιον,
1322 2071 1459 2135 πᾶν
1496 2064 1534 2134 ὅ
1568 2093 1631 2134 τι
1664 2066 2121 2155 χρηστότατον
2154 2093 2228 2136 τε
2260 2068 2369 2134 καὶ

443 2168 718 2258 ἄριστον
740 2166 1162 2256 ὀψωνῆσαι“;
1183 2172 1298 2237 καὶ
1321 2167 1355 2266 ᾇ
1379 2179 1720 2247 Αἴσωπος·
1741 2168 2048 2254 „uomens
2068 2159 2369 2255 ὁμολογῶ

238 2301 408 2353 p.46b.
446 2291 551 2338 σοι
599 2269 721 2349 τὰς
768 2269 1043 2357 χάριτας
1079 2272 1488 2363 μεμφομένῳ
1536 2297 1618 2357 με
1666 2268 2063 2357 φιλοσόφων
2100 2265 2370 2354 ἀνδρῶν

578 2485 609 2533 2
647 2477 806 2550 ἔλεγε
839 2482 898 2533 Μ
1000 2486 1032 2534 3
1067 2476 1161 2549 μὴ’
1183 2500 1322 2537 corr.
1360 2500 1431 2535 ex
1465 2499 1537 2548 μο
1567 2484 1622 2534 Β
1655 2500 1725 2534 m.
1752 2499 1835 2549 pr.
1940 2474 2274 2548 διατάττειν
2307 2481 2374 2534 W

603 2544 856 2616 γλώσσας
892 2551 941 2601 Β
1099 2553 1133 2601 4
1168 2544 1339 2610 ὑείας
1374 2551 1420 2613 Q
1458 2544 1624 2603 ὑείου
1657 2553 1694 2602 b
1732 2554 1864 2602 1534
2041 2542 2370 2616 ἑτοιμάσας]

445 2611 738 2684 ἀγοράσας
755 2622 961 2697 puncta}-
983 2619 1287 2683 subscriptis
1310 2621 1525 2697 detegam
1549 2622 1602 2670 in
1625 2621 1698 2686 D,
1742 2611 2051 2683 ἑτοιμάσας
2076 2621 2131 2669 in
2152 2620 2374 2701 marffine

443 2688 632 2736 adiecit
663 2686 714 2734 D
735 2689 766 2737 3
904 2685 1294 2752 ανακληθείσι
1331 2687 1375 2736 Ρ
1412 2688 1825 2739 ανακλινθεῖσι
1860 2688 1900 2736 Ζ
1925 2687 1978 2736 Κ
2002 2703 2037 2736 v
2178 2689 2211 2737 5
2248 2681 2372 2745 εκά·

444 2767 556 2803 στω
589 2755 644 2802 in
677 2752 725 2801 A
761 2755 882 2804 add.
920 2753 969 2802 A
992 2757 1023 2803 2
1181 2745 1568 2819 συνοξειγάρω
1603 2757 1647 2806 Ρ
1800 2753 2140 2821 παρέθηκεν
2178 2754 2229 2804 Β

444 2811 610 2898 δ’ὡς]
650 2816 750 2870 καὶ
787 2819 853 2881 Q,
889 2820 941 2868 D
977 2823 1073 2871 sed
1107 2823 1295 2872 deleuit
1329 2829 1381 2871 et
1420 2814 1495 2881 ὥς
1528 2839 1690 2887 supra
1725 2825 1937 2885 scripsit
1969 2822 2020 2870 D
2046 2823 2078 2872 3
2221 2823 2375 2887 φιλο-

443 2901 627 2950 σοφον
666 2887 698 2936 b
740 2889 888 2938 1530.
929 2890 1061 2939 1534
1172 2881 1258 2952 τὸ]
1295 2881 1399 2939 τὸν
1437 2890 1469 2939 b
1511 2892 1642 2941 1530
1753 2893 1788 2941 8
1821 2884 2147 2955 ὑπηρεσίαν
2185 2884 2376 2953 λεξάν-

443 2971 574 3015 των,
609 2946 788 3005 πάλιν
828 2954 872 3017 Q
1011 3013 1015 3016 ¹
1048 2954 1301 3016 oel'oambs·
1338 2974 1432 3008 om.
1471 2957 1520 3007 R
1690 2950 1887 3023 ἑφθὰς
1923 2958 1970 3006 Β
1995 2957 2035 3005 Ζ
2060 2957 2095 3006 b
2135 2957 2377 3022 (praeter

442 3069 655 3190 Neuel}
694 3062 882 3133 εὗθάς
917 3074 962 3123 Ρ
1123 3041 1378 3138 γλῶιξέας
1413 3075 1459 3123 Ε
1496 3072 1747 3139 γλῶττας
1782 3076 1837 3125 Η
1992 3071 2300 3137 παρέθυκε
2334 3077 2376 3126 Ρ

559 3141 591 3189 9
657 3135 938 3205 τηθέντος
974 3132 1118 3192 ἅλου
1153 3142 1196 3191 Ρ
1306 3143 1369 3192 10
1402 3142 1713 3205 προυτίθει
1748 3143 1808 3193 Μ
1829 3142 1875 3204 Q
1900 3142 1952 3190 D
1979 3142 2028 3194 Φ
2051 3144 2098 3192 Ε
2125 3143 2181 3193 H
2206 3144 2260 3192 K
2281 3143 2322 3192 Z
2343 3159 2378 3191 v

580 3209 643 3257 11
682 3201 747 3259 δὲ
783 3210 838 3257 in
869 3208 918 3257 A
951 3212 1120 3273 suppl.
1157 3209 1206 3258 A
1230 3212 1260 3258 2
1384 3208 1461 3260 τῶ
1494 3211 1547 3259 in
1581 3210 1632 3258 D
1666 3212 1856 3260 adiecit
1889 3226 1958 3261 m.
1980 3224 2062 3275 pr.
2191 3209 2378 3262 ταυτῶ

443 3274 564 3328 libri
703 3277 766 3324 12
802 3273 902 3326 καὶ
942 3275 1236 3337 ΩΒΦΒε
1277 3276 1885 3332 om.,VMEHZKv
2022 3272 2184 3337 τινὸς
2219 3278 2269 3328 Β

439 3331 707 3394 ὑπόντων
742 3342 787 3391 Ρ
932 3347 1008 3394 -13
1046 3341 1324 3410 διημέρας
1358 3344 1413 3393 H
1447 3352 1504 3394 ut
1535 3360 1693 3409 saepe
1842 3348 1905 3395 14
1936 3336 2041 3404 τάς
2076 3337 2302 3411 ἡμέρας
2335 3346 2377 3395 Ρ

534 3425 540 3430 ·
576 3400 895 3492 τὶλγίσαμεν
932 3411 976 3460 Ρ
1099 3414 1159 3462 15
1197 3402 1330 3477 παρ’
1369 3407 1524 3462 ἔστιν
1558 3413 1599 3461 Ζ
1725 3410 1943 3465 αἴσωπε
1980 3406 2178 3478 ἕτερον
2214 3413 2264 3463 Β

443 3479 507 3553 1,ss
544 3492 613 3528 ov
648 3478 688 3526 Ζ
828 3470 888 3528 ἐν
926 3468 1094 3529 ἔτοιλ.
1130 3477 1177 3528 Ρ
1328 3482 1390 3544 17
1429 3476 1514 3543 τε]
1554 3474 1623 3531 δὲ
1658 3478 1699 3529 Ζ
1822 3483 1887 3531 18
1924 3470 2175 3546 ἅρηστον
2209 3480 2256 3531 Ρ

442 3542 735 3604 οψωνίσαι
770 3544 816 3606 Q
992 3548 1054 3597 19
1090 3543 1184 3610 με]
1224 3561 1317 3596 om.
1355 3547 1415 3611 Ζ,
1454 3562 1552 3613 μοι
1592 3549 1644 3612 Q¹
1801 3540 2033 3612 ἀνδρῶν
2066 3563 2161 3598 om.
2197 3547 2251 3598 D
2277 3549 2326 3601 Φ
2348 3564 2379 3599 a.

446 3607 524 3668 (in
561 3611 604 3659 P
642 3605 980 3676 φιλοσόφων
1016 3616 1233 3663 ultimum
1269 3621 1347 3664 est
1382 3616 1408 3663 f
1443 3618 1529 3664 11¹·
1565 3615 1882 3680 uocabulum)
1907 3645 1921 3660 ·
