2563 4087
434 202 518 269 56
1327 208 1391 257 v.
1427 223 1480 261 u.

437 367 566 416 σαν
602 353 700 426 εἰς
736 348 1158 433 ξενοδοχεῖον
1191 345 1390 417 κάκεῖ
1419 346 1752 418 ἀνέπεσον
1786 351 2212 437 κοιμηθῆναι’
2248 349 2364 417 καί

430 449 560 537 τὴν
586 448 818 539 θυ’ραν
846 451 970 517 τοῦ
1000 457 1195 519 οἴκου
1226 449 1643 520 ἐπελάθοντο
1670 457 2011 538 σφαλίσαι.
2062 451 2176 518 καὶ
2203 451 2368 518 κατὰ

436 550 563 639 τὴν
598 550 817 619 νύκτα
846 555 1121 637 εἰσῆλθε
1153 553 1332 619 λε’ων
1356 558 1453 632 εἰς
1480 551 1555 620 τὸ
1584 556 1994 638 πανδοχεῖον
2020 553 2134 619 καὶ
2161 550 2368 639 μέσον

377 742 381 747 .
438 657 575 721 τῶν
611 658 1007 739 μουλαρίων
1044 651 1357 740 ἀνέπεσε,
1392 657 1729 741 μηδεμίαν
1755 652 2052 742 ταραχὴν
2089 651 2368 740 ποιησά-

386 782 410 820 5
437 772 668 843 μενος·
735 755 850 821 καὶ
913 751 1143 834 οὐδεὶς
1196 757 1336 822 τῶν
1389 757 1926 843 πραγματευτῶν
1981 753 2361 842 κατενόησε.

435 854 600 943 μετὰ
638 853 717 923 δέ
750 880 899 922 τινα
936 852 1122 944 ὤραν
1170 856 1447 943 εἰσῆλθέ
1493 883 1590 937 τις
1626 856 1913 945 κλέπτης
1948 862 2045 935 εἰς
2080 857 2157 925 τὰ
2194 880 2362 924 παν-

231 995 276 1036 p.
293 985 408 1027 7213.
438 961 703 1042 δοχεῑον
738 954 980 1036 κλέψαι
1029 959 1102 1025 ἐκ
1146 962 1287 1025 τῶν
1322 965 1748 1046 μουλαρίων·
1796 960 1911 1026 καὶ
1966 957 2050 1046 δὴ
2100 966 2371 1036 σκοτίας

438 1054 643 1146 οὔσης
678 1057 770 1146 μὴ
818 1058 1128 1146 βλέπων,
1178 1059 1495 1147 ἐψηλάφα
1541 1059 1616 1128 τό
1664 1059 1957 1148 πατερὸν
2002 1048 2141 1127 τῶν
2191 1056 2364 1129 ὑπο-

434 1167 687 1246 ζυγίων
713 1161 827 1228 καὶ
857 1159 1241 1248 λεληθότως
1266 1162 1392 1229 τοῦ
1424 1159 1698 1241 λέοντος
1725 1159 1961 1248 ἥψατο.
1999 1163 2114 1229 καὶ
2141 1159 2371 1247 παχύν
2445 1152 2450 1159 ’

360 1296 409 1335 10
434 1264 695 1349 τοῦτον,
728 1261 1148 1348 κατανοήσας
1186 1259 1279 1342 «259
1315 1261 1727 1351 μουλάριον,
1778 1261 2093 1331 ἐκάθισεν
2132 1262 2356 1331 ἐπάνω

434 1361 670 1432 αὐτοῦ.
770 1361 1208 1452 ἐξερχομὲνου
1271 1362 1349 1433 δὲ
1405 1366 1529 1432 τοῦ
1592 1363 1886 1432 κλέπτου
1953 1363 2181 1432 ἐπάνω
2241 1366 2363 1431 τοῦ
2445 1372 2452 1381 “

434 1465 746 1550 λέοντος,
783 1462 819 1531 ὁ
858 1462 1033 1532 λέων
1079 1462 1240 1532 καθ’
1287 1465 1533 1533 ἑαυτὸν
1574 1471 1829 1552 ἔλεγεν·
1885 1463 2207 1552 ,,ἀληθῶς
2242 1455 2368 1532 οὗ·

435 1566 598 1653 ,,τός
637 1569 816 1634 ἐστιν
851 1564 891 1633 ὁ
928 1569 1228 1653 δαίμων,
1278 1561 1360 1633 ὃν
1408 1567 1682 1652 λέγουσι
1727 1568 1845 1654 τῆς
1896 1564 2145 1646 νυκτὸς
2195 1563 2370 1634 εἶναι

434 1667 792 1755 ,,φυ’λακα·
833 1666 938 1735 διὸ
974 1669 1089 1735 καὶ
1134 1666 1361 1736 ἐπάνω
1395 1694 1529 1755 μου
1566 1666 1947 1754 καθέσθη.“
2000 1669 2115 1735 καὶ
2149 1669 2366 1736 ταῦτα

357 1801 407 1841 15
435 1770 654 1855 λέγων
702 1766 739 1837 ὁ
789 1770 964 1837 λέων
1009 1765 1172 1837 καθ’
1230 1769 1476 1838 ἑαυτὸν
1529 1772 1840 1856 ἐφοβεῖτο
1885 1769 2007 1837 τὸν
2053 1770 2367 1855 κλέπτην.

432 1871 547 1938 καὶ
585 1867 669 1938 δι’
705 1866 864 1958 ὅλης
898 1872 1016 1958 τῆς
1050 1869 1305 1950 νυκτός
1340 1870 1464 1938 τὸν
1500 1872 1797 1958 κλέπτην
1822 1869 2168 1957 βαστάζων
2207 1872 2376 1964 ἐστο-Ι

434 1972 684 2062 ρεύετο.
741 1969 779 2040 ό
818 1970 893 2041 δὲ
919 1973 1206 2061 κλέπτης
1239 1972 1561 2059 ἐπιγνούς
1590 1972 2097 2055 ἐπικαθέζεσθαι
2122 1972 2373 2059 λεόντι,

435 2073 779 2163 ἐφοβήθη,
812 2074 907 2163 μή
942 2100 1085 2155 πως
1121 2073 1334 2144 αὐτὸν
1362 2078 1688 2163 διασχίσει
1720 2075 1835 2143 καὶ
1874 2073 2139 2162 τροφὴν
2180 2078 2371 2143 ἰδίαν

434 2175 786 2263 ποιήσεται,
842 2183 1103 2266 πρωΐας
1139 2175 1215 2245 δὲ
1242 2178 1606 2263 γενομένης
1647 2183 1883 2262 ἔτυχεν
1920 2172 1956 2244 ὁ
1985 2177 2160 2254 λέων
2188 2174 2368 2244 ὑπο-

356 2310 406 2350 20
433 2275 614 2345 κάτω
651 2277 944 2365 δένδρου
981 2278 1402 2366 διέρχεσθαι,
1437 2279 1552 2346 καὶ
1590 2278 1699 2346 διὰ
1739 2276 2098 2365 συντόμων
2133 2274 2170 2344 ό
2208 2278 2366 2345 κλέ-
2449 2365 2458 2376 ι

432 2402 598 2467 πτης
638 2381 939 2458 ἐκτείνας
972 2378 1098 2466 τὴν
1133 2379 1385 2465 δεξιάν,
1419 2393 1563 2459 τοῖς
1598 2380 1727 2448 τοῦ
1763 2379 2054 2467 δένδρου
2089 2378 2394 2458 κλάδοις»

435 2479 679 2550 ἑαυτὸν
718 2481 1042 2568 ἐκρέμασε
1076 2481 1189 2548 καὶ
1220 2478 1480 2568 ἀναβάς
1511 2487 1608 2559 εἰς
1642 2481 1718 2549 τὸ
1758 2481 2047 2568 δένδρον
2081 2478 2204 2549 τὸν
2239 2481 2365 2548 τοῦ
2461 2475 2462 2480 ’

432 2583 706 2661 λέοντος
757 2586 1090 2651 κίνδυνον
1138 2584 1438 2669 διέφυγε.
1511 2582 1626 2650 καὶ
1680 2578 1716 2649 ὁ
1766 2583 1941 2650 λέων
1977 2580 2222 2668 πάλιν,
2275 2577 2371 2659 ὥς

429 2684 548 2752 τὸν
610 2682 886 2771 φύλακα
942 2685 1061 2771 τῆς
1120 2684 1368 2763 νυκτὸς
1429 2682 1894 2772 φοβούμενος,
1967 2685 2370 2772 συναπῆλθε

294 2849 307 2872 ,
354 2814 406 2856 25
433 2787 736 2874 σπουδῇ·
774 2782 951 2854 ὅπου
987 2786 1102 2852 καὶ
1138 2783 1175 2852 ὁ
1215 2786 1424 2872 πίθηξ
1454 2782 1641 2876 αὐτῷ
1672 2785 2003 2873 συναντᾷ,
2041 2785 2156 2852 καὶ
2185 2781 2365 2874 ἥρω’-

431 2907 590 2973 τησε
641 2885 764 2953 τὸν
813 2886 1084 2954 λέοντα·
1136 2894 1257 2973 ,,τι’
1301 2883 1519 2965 οὕτως
1564 2883 1892 2974 ὑπάρχεις
1940 2885 2372 3039 φοβούμενος

564 3051 596 3099 2
633 3062 666 3100 σ
668 3025 930 3117 φαλῆσαι
966 3050 1015 3100 V
1175 3052 1209 3099 4
1243 3040 1539 3115 μηδεμίαν
1575 3050 1623 3098 V
1659 3056 1714 3099 ut
1746 3065 1905 3113 saepe
2069 3051 2099 3101 7
2138 3047 2371 3108 σκοτίας

428 3119 643 3197 scripsi:
682 3116 947 3177 annulae
979 3117 1141 3170 ABV.
1203 3118 1270 3181 cf.
1288 3066 1637 3181 nPhilogelon
1674 3118 1879 3167 8.11’7
1913 3134 1971 3183 p.
2009 3118 2095 3181 63,
2130 3119 2162 3167 2
2332 3118 2370 3167 8

428 3179 679 3268 πάτερον
713 3186 765 3237 V
881 3187 941 3236 11
983 3177 1187 3250 αὐτοῦ]
1225 3201 1337 3234 num
1373 3185 1569 3236 eaecidz‘t
1603 3181 1702 3236 καὶ
1741 3176 2055 3252 ἐξήλασενῖ
2165 3187 2228 3236 16
2263 3180 2364 3235 καὶ

430 3246 513 3304 δι’
551 3241 599 3304 ὅ.
638 3269 686 3303 τ.
722 3269 774 3305 ν.
811 3254 864 3302 in
899 3255 949 3305 V
982 3253 1058 3304 bis
1091 3254 1293 3316 scripta
1408 3253 1472 3303 18
1509 3251 1645 3302 διασ
1685 3251 1794 3303 ίσει
1830 3251 2200 3304 Boissonade·
2238 3250 2366 3303 δια-

428 3320 593 3388 σχίση
631 3321 799 3371 ABV.
846 3336 1140 3385 quamquam
1174 3320 1242 3383 ef.
1277 3321 1372 3384 46,
1410 3322 1458 3371 9.
1671 3318 1809 3370 δίαν
1843 3321 1879 3370 ι’.
1905 3336 1949 3370 e.
1987 3310 2172 3372 αὑτοῦ

429 3391 495 3440 20
531 3380 824 3454 συντόμως
860 3387 1029 3438 ABV·
1066 3390 1302 3439 cor-remit
1336 3386 1681 3439 Boissonade
1819 3388 1881 3456 2¹.
1922 3383 2048 3452 τοῦ]
2084 3387 2153 3450 cf.
2190 3404 2244 3453 p.
2282 3388 2368 3447 57,

429 3458 598 3510 9.10.
724 3458 789 3507 23
824 3471 900 3514 ως
937 3447 1036 3506 τὸν
1069 3457 1289 3521 scripsi.-
1325 3447 1398 3515 ὥς
1433 3473 1465 3509 ο
1501 3454 1549 3505 A
1586 3446 1659 3515 ὥς
1695 3455 1793 3508 BV
1930 3456 1996 3505 24
2033 3468 2167 3506 συν·
2207 3453 2370 3506 simul

565 3525 632 3574 25
668 3513 908 3589 ἧρῶτισε
944 3522 992 3573 V
