2563 4087
1099 268 1348 342 Aesopus
1383 269 1413 318 I
2100 265 2226 330 247

242 454 409 516 την
464 424 556 506 ὥς
611 426 908 514 ἐμαυτὸν
966 421 1300 514 στέργω“;
1354 426 1468 493 καὶ
1517 422 1553 492 ὁ
1603 434 1952 504 Αἴσωπος·
2015 427 2225 514 ,,ἑρᾷς

244 531 409 596 -τοῦ
439 524 814 614 γυναίουίίς
851 526 1196 606 κάκεῖνος·
1239 525 1474 613 ,,ποῖνυ
1501 521 1628 614 μὲν
1657 518 1809 613 οὖν,
1847 524 2221 612 δραπέταίί.

244 631 400 698 acal
450 626 622 718 πρὸς
669 631 872 697 τοῦτο
918 626 954 697 ὁ
993 638 1315 708 Αἴσωπος
1364 627 1696 716 κροτήσας
1748 634 1845 709 εἰς
1891 626 1968 696 τὸ
2014 630 2225 715 μέσον

245 729 406 800 τὸν
453 730 659 817 πόδα,
706 731 1017 818 μεγάλως
1066 730 1328 818 ἔκραξε·
1394 728 1710 816 ,,Ξοῖνθος
1763 722 1797 797 ὁ
1852 730 2224 818 φιλόσοφος

245 831 975 920 γυναικοκρατεϊταιςς.
1069 832 1199 924 καὶ
1233 833 1556 919 στραφεὶς
1609 830 1780 919 πρὸς
1826 831 1951 918 τὴν
2005 830 2222 900 αυτοῦ
2250 861 2276 900 5

248 935 649 1006 δέσποιναν
689 939 848 1022 ἔφη·
881 933 1047 1022 ,,συ’,
1084 923 1137 1000 ὦ
1164 933 1513 1019 δέσποινα,
1552 933 1845 1021 ἐβούλου
1873 931 1996 1002 τὸν
2024 934 2223 1021 φιλό-

271 1056 503 1120 σοφον
552 1033 960 1121 ὠνήσασθαί
989 1054 1094 1102 σοι
1141 1037 1398 1105 δοῦλον
1434 1035 1619 1120 νέον,
1670 1032 2224 1122 ευσωματοῦντα,

250 1142 706 1237 σφριγῶντα,
767 1163 847 1204 ον
912 1141 1045 1205 ἔδει
1096 1162 1367 1223 γυμνην
1421 1155 1493 1204 σε
1548 1133 1679 1203 κάν
1730 1142 1827 1226 τῷ
1876 1143 2223 1227 βαλανείω

249 1242 601 1327 θεᾶσθαι,
649 1245 771 1307 καί
788 1250 917 1308 σοι
966 1244 1398 1326 προσπαίζειν
1446 1236 1528 1304 τὰ
1578 1244 1676 1316 εἰς
1724 1238 2061 1325 αἰσχύνην
2095 1243 2221 1305 τοῦ

254 1339 708 1427 «φιλοσόφους
765 1337 1130 1427 Ευριπίδη,
1193 1341 1501 1427 χρυσοῦν
1557 1338 1691 1425 ἐγώ
1741 1358 1865 1408 σου
1917 1341 2090 1427 φημὶ
2142 1339 2216 1407 τὰ
2248 1368 2299 1407 10

255 1442 524 1529 «ndum,
559 1443 839 1509 τοιαῦτα
876 1442 1108 1526 λέγον

381 1561 630 1627 πολλαὶ
666 1557 792 1647 μὲν
828 1557 1027 1646 ὀργαὶ
1065 1557 1391 1646 κυμάτων
1424 1566 1841 1646 θαλαττίων,

383 1646 630 1729 πολλαὶ
667 1659 743 1729 δὲ
779 1661 1101 1747 ποταμοῖν
1135 1661 1250 1727 καὶ
1289 1660 1508 1749 πυρὸς
1543 1662 1805 1748 θερμοῦ
1846 1669 2076 1746 πνοαί,

383 1754 611 1831 δεινὸν
647 1761 722 1831 δὲ
758 1769 984 1849 πενία,
1022 1761 1207 1830 δεινα
1245 1759 1313 1830 δ’
1353 1759 1524 1829 αλλα
1558 1769 1799 1850 μυρία,
1851 1808 1868 1815 ι

382 1863 564 1952 πλὴν
600 1862 809 1932 οὐδὲν
845 1860 1023 1931 οὕτω
1062 1862 1314 1949 δεινὸν,
1352 1861 1443 1943 ὦς
1478 1865 1657 1951 γυνὴ
1695 1863 1884 1950 κακή.
2248 1908 2297 1947 15

250 1982 364 2051 ι-σύ
381 1979 438 2051 δ’
459 1972 510 2049 ὦ
525 1980 1257 2069 ὃέσποινα,φιλοσόφου
1271 1980 1450 2068 γυνὴ
1466 1972 1711 2069 οὖσα,ύ
1717 1982 1802 2050 πὸ
1815 1983 2045 2050 καλῶν
2057 2009 2217 2051 νεα-
2253 2003 2296 2045 p·
2313 1992 2363 2032 30
2380 1991 2422 2033 b-

261 2092 537 2153 νίσκων
555 2081 1044 2171 ὑπηρετεῖσθαι
1062 2082 1152 2171 μὴ
1168 2084 1354 2169 θέλε,
1382 2082 1474 2170 μή
1502 2106 1645 2164 πως
1664 2080 1866 2172 ὕβριν
1887 2087 1981 2175 τῷ
2013 2082 2223 2172 ἀνδρί

257 2205 405 2253 σου
421 2184 915 2273 προστρίψῃςίί.
935 2180 973 2271 ἢ
987 2183 1291 2254 δὲταῦτα
1314 2182 1665 2253 ἀκούσασα
1685 2185 1993 2274 καὶπρὸς
2007 2185 2219 2273 μηδὲν

247 2285 618 2355 -ἀντειπεῖν
647 2290 1049 2374 δυνηθεῖσα,
1089 2284 1380 2374 ,,πόθεν,
1408 2284 1649 2375 ἄνερίί,
1685 2295 1858 2375 φησί
1893 2288 2017 2375 ,,τό
2048 2288 2219 2355 καλ-

416 2453 441 2499 1
493 2440 721 2527 ἕμαυτῶ
764 2450 807 2498 Ρ
981 2451 1013 2499 2
1058 2439 1332 2530 κᾶζιεῑνος
1377 2466 1538 2514 supra
1574 2453 1754 2500 lineam
1788 2450 1837 2498 A
1872 2468 1940 2499 m.
1968 2467 2045 2515 p1.

266 2520 307 2569 3
341 2524 463 2581 post
497 2515 667 2568 τοῦτο
692 2533 882 2567 rasura
904 2519 957 2567 in
980 2518 1031 2567 D
1137 2508 1167 2567 ὁ
1203 2517 1277 2566 V:
1316 2534 1408 2569 om.
1447 2521 1609 2568 ceteri
1696 2526 1815 2581 post
1851 2510 1880 2568 ὁ
1922 2519 2040 2571 asa.
2080 2521 2131 2568 in
2167 2518 2216 2567 A

265 2586 448 2635 deleta
482 2601 566 2634 uu.
605 2579 718 2651 ἔφη
755 2575 895 2667 βαλε
932 2575 1122 2651 αυτὴν
1224 2577 1313 2649 τό]
1355 2576 1455 2635 τὸν
1494 2587 1719 2635 deletal.
1756 2601 1788 2633 ν
1825 2586 1865 2634 Ζ
1969 2583 2142 2650 μέσον
2169 2586 2214 2647 Q

266 2667 343 2703 ον
378 2652 432 2701 in
467 2667 575 2702 ναε.
703 2654 737 2701 4
774 2641 915 2703 ἀνέκ
920 2652 1057 2717 ραξε
1094 2652 1140 2701 Ε
1165 2652 1221 2702 Η
1243 2652 1290 2701 F
1314 2653 1363 2701 K
1389 2654 1429 2702 Z
1453 2669 1515 2714 v3
1555 2647 1756 2714 ἔκραζε
1794 2652 1848 2718 (ζ
1868 2660 1985 2702 mut
2010 2657 2061 2702 in
2092 2651 2143 2715 ξ)
2169 2653 2216 2702 R

411 2720 444 2768 5
489 2722 1000 2784 γυναικορατεῖται
1035 2720 1105 2785 Κ,
1145 2719 1185 2768 Ζ
1221 2736 1289 2769 m.
1315 2732 1393 2786 pr.
1432 2717 1495 2785 (Z
1521 2722 1576 2770 2
1589 2722 1709 2801 adesi.
1747 2720 1827 2784 κ);
1877 2722 1929 2769 in
1968 2722 2073 2784 Q.
2095 2738 2218 2771 ,ται

269 2791 557 2837 restitutum
602 2803 700 2866 pro
791 2802 894 2851 .τε,
944 2794 1000 2837 ut
1040 2789 1342 2866 saepissime
1514 2790 1545 2839 5
1600 2781 1783 2841 αὑτοῦ
1829 2788 1877 2837 Α
1908 2787 1984 2838 D:
2034 2780 2217 2840 αὐτοῦ

240 2856 436 2905 ceteri
586 2856 620 2902 6
656 2841 718 2920 ω]
756 2853 832 2905 τῶ
870 2855 913 2904 P
1069 2847 1284 2933 βούλου
1323 2855 1370 2905 Φ
1406 2847 1647 2937 ἐβούλου
1684 2895 1694 2907 .
1717 2856 2128 2939 ..σφριγῶντα
2165 2860 2217 2907 in

269 2938 377 2971 ras.
417 2921 458 2970 Z
493 2937 562 2970 m.
587 2937 667 2987 pr.
842 2924 873 2973 8
917 2914 1029 2973 κᾶν
1064 2923 1123 2971 Μ
1175 2914 1290 2974 κάν
1335 2915 1398 2974 ἐν
1446 2922 1520 2985 Φ,
1577 2915 1687 2990 κᾲν
1731 2929 1782 2975 in
1827 2942 1941 2990 κᾳν
1989 2933 2104 2974 mut.
2152 2926 2215 2982 R,

269 2980 386 3039 κοῖκ
422 2989 464 3037 Ζ
626 2992 657 3039 9
694 2981 1036 3040 θεάσασθαι
1073 2991 1121 3041 Φ
1297 2983 1439 3053 πρὸς
1473 2991 1703 3054 παίζειν
1739 2992 1797 3040 Μ
1821 2992 1875 3041 Η
1901 2994 1945 3042 Ε
2112 2988 2214 3059 εἰς]

265 3052 415 3118 πρὸς
453 3056 500 3118 Q,
527 3056 575 3105 R
716 3059 776 3105 11
817 3052 995 3123 λέγων
1035 3060 1075 3108 Ρ
1213 3060 1275 3107 12
1313 3060 1381 3121 ef.
1420 3060 1655 3109 Nauckii
1691 3061 1779 3109 Fr.
1814 3065 1956 3124 trag.
1997 3062 2125 3111 1045
2162 3076 2213 3125 p.

268 3126 399 3185 5403
435 3138 615 3174 uersus
650 3125 944 3175 indicantur
977 3133 1028 3175 in
1064 3125 1115 3174 D
1152 3125 1298 3200 (inde
1334 3144 1366 3175 a
1401 3144 1449 3176 u.
1490 3125 1767 3194 χρυσοῦν)
1805 3135 1857 3179 et
1891 3129 1932 3177 Z
2064 3131 2124 3179 13
2162 3145 2215 3180 κ.

241 3190 332 3242 ·θ’.
369 3208 430 3242 π.
470 3191 642 3243 πνεία
678 3191 725 3241 L
864 3201 982 3244 ante
1019 3188 1245 3274 θερμου
1279 3196 1332 3242 in
1370 3195 1415 3256 Q
1454 3212 1653 3245 erasum
1688 3191 1788 3246 καὶ
1918 3198 1982 3245 14
2019 3187 2214 3246 δεινὸν

240 3253 336 3309 -ὃὲ
373 3258 553 3310 πενία
594 3275 696 3338 sup
735 3261 856 3310 lenit
890 3263 943 3311 in
977 3264 1204 3325 maryine
1240 3261 1288 3309 A
1322 3277 1391 3311 m.
1418 3279 1497 3343 pr
1546 3256 1711 3328 δεινὴ
1760 3257 1871 3343 μεν
1913 3262 2122 3313 πενεία
2166 3263 2214 3312 L

301 3371 319 3386 ,
441 3322 638 3404 δεινοὶ]
678 3275 875 3379 (ξεινὸν
914 3327 961 3377 Φ
1136 3331 1198 3379 15
1233 3326 1485 3394 Ιγυναική
1524 3346 1576 3380 κ.
1611 3331 1660 3380 R
1710 3347 1766 3380 π.
1805 3322 1980 3382 ουὸὲν
2020 3327 2215 3394 χειρον

240 3386 550 3458 -γυναικός
584 3386 957 3475 γλωσσωὸους
995 3392 1095 3446 καὶ
1134 3389 1367 3463 ὀργίλης
1406 3399 1451 3447 L
1631 3399 1691 3447 16
1728 3390 2037 3448 ὖποκαλῶν
2072 3397 2124 3445 Η
2161 3405 2215 3447 ut

235 3475 425 3526 ..eaepe
534 3464 595 3513 17
635 3454 1051 3540 ὑπερετεῖσθαι
1088 3463 1129 3512 Ζ
1238 3467 1302 3515 18
1338 3458 1490 3543 πρὸσ
1519 3466 1742 3546 ποίψησ
1777 3464 1832 3513 Η
1933 3456 2123 3529 μήδὲν
2160 3464 2217 3515 Η

407 3531 472 3579 19
509 3519 670 3579 ἄντι·
683 3533 814 3581 πεῖν
852 3532 895 3580 Ρ
934 3521 1204 3582 ἆντιπειν
1240 3532 1297 3581 Η
1451 3523 1688 3598 ἅνερ]α
1690 3534 1808 3582 vD
1847 3546 1906 3596 ερ
1942 3534 2064 3582 add.
2107 3531 2157 3581 D
2183 3536 2214 3584 2

403 3587 641 3661 καλλος]
681 3592 855 3657 κοῖλος
891 3601 935 3650 Ρ
962 3599 1013 3648 Κ
