2563 4087
831 244 860 281 e
892 227 1082 281 dedice
1112 226 1416 282 Dresdensi
1448 227 1496 280 D
1527 233 1609 282 33.
2061 222 2189 286 213

249 358 343 412 καὶ
368 377 446 411 om
478 360 486 422 Ι
518 362 601 419 74,
638 360 703 407 14
721 349 862 421 ἐβόα
881 355 979 409 καὶ
1011 353 1230 423 ἔλεγεν·
1250 345 1294 408 ὦ
1316 359 1585 423 γείνωνες
1609 353 2028 424 παρακαλώσας
2050 359 2086 421 (.
2110 396 2122 409 .
2144 357 2188 408 ὦ

251 446 375 508 σας)
399 437 601 494 δέσετέ
623 457 722 492 τον
742 430 833 494 ὅτι
869 434 1178 507 δαιμόνιον
1199 433 1342 509 ἔχει·
1365 440 1462 493 καὶ
1501 439 1709 494 ἕδεσαν
1743 460 1845 494 τον
1863 442 2061 509 χείρας
2088 440 2190 493 καὶ

250 522 443 588 πόδας
478 523 580 577 καὶ
608 518 825 590 ἔβαλαν
849 542 949 577 τον
970 523 1052 585 εἰς
1071 520 1177 591 τὴν
1197 514 1467 577 ἄλυσσον.
1502 527 1510 592 1
1545 530 1626 588 74,
1655 530 1718 578 19
1743 526 1842 579 καὶ
1866 521 2059 593 ἐκείνη
2082 525 2193 577 ποί-

249 616 340 666 λιν
378 604 680 663 ἀκούσασα
701 606 962 675 ἔκραζεν·
1001 603 1393 677 ἐδαιμονίσθη
1420 604 1449 662 ὁ
1470 604 1692 677 ἄνδρας
1709 624 1848 678 μου·
1888 602 2039 676 ὅμως
2058 614 2192 663 συλ-

247 690 616 766 λογιζόμενος
650 693 750 745 καὶ
774 685 1006 759 ἀπορῶν
1032 688 1190 760 ἔτζη,
1221 687 1558 761 ἐξημέρωσε.
1580 694 1680 747 καὶ
1699 682 1898 763 ἦλθαν
1918 691 1979 748 οἰ
1993 694 2192 763 γειτῶ·

247 799 341 834 νοι
366 778 469 833 καὶ
508 771 835 842 ἕρωτοόσαν
870 794 996 837 τον,
1038 770 1152 844 ἄρα
1173 775 1238 844 γέ
1257 796 1314 830 τι
1334 775 1548 846 ἔγινες·
1588 779 1597 845 Ι
1630 784 1714 846 74,
1735 784 1798 831 21
1819 781 1940 833 καὶ
1978 773 2191 839 αὐτὸς

244 866 426 919 πάλιν
462 856 493 917 ὃ
530 854 741 923 ἅθλιος
772 861 782 928 Ι
831 866 913 925 75,
933 866 1067 914 3-5
1102 856 1246 930 μετὰ
1270 906 1284 918 .
1308 868 1558 929 .φαγεῐ’ν
1595 881 1703 922 om,-
1740 862 1931 918 ἔπαθε
1965 865 2192 917 τίποτα.

247 949 349 1004 καὶ
387 943 611 1006 ἔκείνος
649 942 802 1013 λέγει
838 945 940 1013 τῆς
984 940 1262 1012 γυναικός
1317 961 1445 1000 του·
1501 943 1652 1014 ἔχεις
1704 948 1916 1001 τίποτα
1968 945 2043 1001 νά
2080 965 2192 1015 μου

247 1029 439 1102 δῶσης
473 1025 550 1084 να
586 1024 782 1099 φάγως
821 1028 921 1082 καὶ
957 1021 1105 1097 αὐτὴ
1135 1029 1317 1097 λέγει·
1356 1027 1465 1098 ἔχω
1497 1025 1689 1098 ψάρια
1736 1030 2145 1100 τιγανισμένα·
2179 1032 2186 1097 Ι

247 1124 333 1185 75,
369 1122 402 1170 9
441 1114 769 1187 χριστιανοί
798 1132 877 1166 om
907 1113 916 1180 Ι
948 1117 1031 1178 75,
1057 1120 1119 1166 11
1156 1111 1363 1168 ’πλέον
1400 1112 1505 1169 ὁὲν
1543 1112 1689 1184 λέγω
1714 1117 1935 1169 τίποτα.
1972 1117 1980 1182 1
2012 1120 2095 1180 75,
2127 1119 2190 1166 12

247 1198 365 1256 οἷπό
419 1195 494 1255 τὰ
528 1193 716 1268 ψάρια
772 1193 1040 1252 έκείνα·
1096 1197 1196 1251 καὶ
1248 1196 1356 1253 δὲν
1410 1195 1536 1253 εἷπε
1591 1200 1789 1253 τίποτε
1825 1196 2033 1252 πλέον·
2092 1199 2193 1264 (om

247 1285 378 1354 περὶ
416 1285 490 1353 τ.)
523 1285 531 1352 Ι
562 1288 643 1348 75,
685 1288 748 1337 18
786 1276 995 1350 μόνον,
1032 1273 1138 1349 ἆμι
1178 1276 1439 1351 ὕβριζαις
1461 1274 1627 1346 ὅλαις
1661 1284 1762 1338 καὶ
1788 1289 1917 1345 ταῖς
1953 1287 2190 1344 καλαῖς·

253 1370 338 1433 εἰς
393 1369 566 1423 τοῦτο
620 1384 682 1421 σε
727 1363 1040 1436 ἐδοκίμασε
1096 1365 1223 1436 ἔτζη
1279 1362 1756 1437 τοιουτοτρόπως·
1811 1367 1912 1421 καὶ
1945 1371 2194 1428 πολλαῖς

251 1458 467 1523 φοραῖς
522 1449 659 1506 εἶπα
703 1467 807 1504 σου
852 1470 927 1505 να
971 1446 1220 1519 σιωπᾶς,
1271 1452 1280 1519 Ι
1329 1456 1411 1520 75,
1448 1458 1515 1507 20
1566 1450 1914 1520 huntendon·
1967 1445 2191 1521 ἔκάμνοῖ

250 1559 373 1607 της
409 1530 597 1591 πολλὰ
634 1530 813 1589 κακά·
852 1534 953 1588 καὶ
992 1532 1197 1590 λοιπὸν
1234 1534 1313 1605 μὴ
1352 1532 1612 1606 καυχάσε
1646 1538 1653 1605 Ι
1688 1542 1769 1605 76,
1795 1542 1827 1591 2
1864 1538 1949 1605 βλ.
1989 1531 2095 1590 τὸν
2131 1531 2187 1589 ἅ.

251 1642 364 1691 μου
397 1622 519 1683 πῶς
557 1617 712 1675 εἶναι
747 1618 932 1672 πολλὰ
968 1619 1283 1690 γέρωντας,
1331 1622 1433 1676 καὶ
1469 1616 1578 1691 ἐγώ
1619 1618 1778 1689 εἷμαι
1815 1619 1923 1676 νέα
1957 1620 2058 1676 καὶ
2098 1610 2196 1675 εὖ·

250 1726 475 1776 μορφη,
510 1708 642 1772 (εἰσ,
681 1723 815 1758 non.
838 1745 848 1757 .
871 1723 942 1771 ης
975 1714 1030 1757 ut
1064 1710 1229 1772 primo
1265 1709 1493 1772 uidetur)
1528 1706 1630 1760 καὶ
1665 1702 1871 1775 ἀγαπῶ
1909 1702 2018 1775 τὴν
2052 1724 2192 1773 πορ-

252 1793 442 1847 νείαν·
501 1784 650 1856 ὅμως
695 1782 796 1841 έσὺ
851 1784 1005 1842 εἷσαι
1041 1788 1171 1850 νέος
1223 1789 1325 1843 καὶ
1361 1784 1605 1844 δύνεσαι
1640 1809 1715 1844 να
1768 1784 2049 1860 χορτᾶσης
2084 1786 2193 1857 τὴν

252 1873 579 1944 ἐπιθυμίαν
615 1891 746 1941 μου.
803 1866 1025 1934 έκείνος
1061 1870 1215 1927 εἶναι
1261 1871 1370 1939 ἔξω
1413 1892 1485 1942 με
1527 1892 1663 1936 τους
1709 1875 1918 1942 φίλους
1952 1872 2056 1927 καὶ
2092 1869 2191 1926 ἐστὶ

250 1956 401 2029 κάμε
439 1954 514 2014 vo}
546 1950 834 2026 πληρῶσω
877 1952 986 2025 τὴν
1032 1951 1361 2025 ἐπιθυμίαν
1407 1974 1544 2025 μου·
1598 1958 1698 2011 καὶ
1743 1956 1775 2010 ὁ
1822 1959 2186 2020 ταλαίπωρος

250 2042 333 2101 ἐκ.
373 2047 423 2111 ξ.
458 2037 706 2110 έθοέρεσε
742 2041 840 2095 καὶ
881 2035 1173 2111 ἐγελάσθη
1212 2040 1298 2104 εἰς
1334 2037 1469 2104 τοὺς
1508 2039 1712 2111 λόγους
1749 2042 1850 2110 τῆς
1886 2036 2189 2110 γυναικὸς·

249 2130 348 2184 καὶ
386 2121 659 2194 έσυκῶθη
698 2121 900 2195 (έσηκ.)
937 2125 1039 2179 καὶ
1075 2124 1239 2181 ἔλυσε
1277 2124 1340 2180 τὸ
1380 2120 1714 2195 βρακοζαὶνυ
1752 2129 1790 2192 (.
1813 2128 1928 2195 .νι)
1965 2145 2069 2181 του
2116 2124 2192 2181 νά

251 2209 432 2282 ἇνεβῆ
490 2209 574 2273 εἰς
626 2210 691 2265 τὸ
737 2206 976 2279 κρεβάτι
1021 2229 1097 2263 να
1131 2206 1241 2277 τήν
1275 2205 1585 2280 πορνεόση.
1636 2214 1644 2279 Ι
1692 2216 1775 2277 76,
1817 2218 1878 2265 12
1935 2212 2056 2278 (καὶ
2093 2216 2189 2278 om)

248 2296 379 2353 τότε
416 2295 679 2364 ἔδραμαν
730 2289 928 2361 ἇπόξω
983 2295 1366 2363 (extrinsecus)
1421 2290 1499 2359 (ὃς
1542 2291 1801 2365 ἥκουσαν
1838 2292 1947 2364 τὴν
1983 2295 2189 2366 φωνὴν

248 2379 324 2437 νοὶ
361 2380 534 2437 ίδοῦν
568 2381 631 2434 τί
665 2376 833 2433 εἶναι.
870 2379 970 2433 καὶ
1007 2374 1230 2442 ἔκείνος
1266 2377 1342 2443 ὡς
1390 2378 1501 2450 τὴν
1549 2378 1672 2436 εἶδε
1716 2382 1837 2443 πῶς
1874 2374 2049 2449 ἔλοὶλη
2086 2381 2187 2433 καὶ

249 2462 415 2535 ἐβόα·
447 2471 456 2533 Ι
488 2469 572 2529 76,
611 2469 676 2518 15
710 2457 888 2519 πάλιν
924 2459 1197 2533 ἠγέρθη
1234 2459 1595 2534 συντόμως
1639 2465 1742 2518 καὶ
1778 2461 2069 2532 ἐκάθησεν
2109 2462 2193 2525 εἰς

248 2547 358 2619 τὴν
392 2561 506 2617 τρ.·
566 2547 671 2613 (om
706 2550 878 2615 κειμ.)
925 2554 933 2615 Ι
983 2552 1066 2614 76,
1106 2555 1169 2602 17
1223 2551 1286 2603 τί
1319 2546 1392 2604 να
1438 2546 1611 2617 κόμη.
1663 2542 1817 2616 ὅμως
1852 2537 2051 2616 ἦρθαν
2087 2567 2186 2600 και

248 2634 572 2703 εροτοῦσαν
607 2634 709 2686 καὶ
748 2629 956 2701 λέγουν
989 2652 1121 2702 της,
1157 2633 1215 2688 τί
1251 2631 1502 2696 ἔπαθες·
1543 2632 1644 2686 καὶ
1680 2624 1825 2701 αὐτὴ
1867 2631 2050 2701 λέγει,
2087 2624 2187 2684 αὑ-

245 2717 343 2781 τὸς
380 2712 412 2771 ὁ
455 2715 621 2783 ξένος
655 2715 805 2771 ὀποῦ
842 2710 1170 2785 φιλεόωμεν
1217 2716 1441 2786 ἔτρωγε.
1490 2717 1590 2770 καὶ
1629 2711 1975 2785 τρώγοντας,
2023 2714 2191 2785 ἔτυχε

247 2806 355 2873 μία
392 2794 558 2870 ψόχα
594 2803 830 2868 ψωμίου
865 2802 966 2855 καὶ.
992 2794 1289 2870 έκοὶθησεν
1326 2801 1410 2863 εἰς
1445 2796 1548 2855 τὸν
1587 2794 1759 2868 λεμόν
1797 2819 1925 2864 του,
1962 2801 2065 2855 καὶ
2104 2800 2194 2863 εἰς

244 2884 459 2956 ὀλίγων
512 2903 586 2938 να
624 2885 819 2954 πνιγῆ.
855 2887 865 2952 Ι
907 2891 990 2951 77,
1024 2886 1059 2938 6
1092 2885 1194 2939 καὶ
1232 2883 1401 2954 ἔλαβε
1437 2883 1545 2953 τὴν
1580 2880 1787 2954 ὑγείαν
1825 2904 1929 2940 του
1976 2888 1985 2954 Ι
2035 2892 2116 2951 77,

246 2962 429 3040 ἆραγε
470 2967 593 3039 ἔχει
629 2988 701 3022 τα
737 2967 998 3047 γρᾳμένα
1041 2986 1149 3023 οσα
1188 2969 1293 3024 σοῦ
1337 2963 1711 3039 ἕδιηγήθηκα
1756 2971 1857 3025 καὶ
1901 2987 2013 3024 οσα
2058 2891 2190 3024 ἔκα9

245 3076 356 3124 μα;
391 3058 399 3122 Ῑ
431 3060 514 3120 77,
555 3059 618 3106 12
654 3049 995 3118 έξοδίασαις
1031 3046 1312 3123 ανθρωπε
1346 3071 1555 3117 τωσαις
1582 3053 1814 3122 ἔξοδαις
1848 3055 1949 3109 καὶ
1986 3053 2190 3118 τόσους

244 3134 463 3200 κόπους
495 3140 505 3206 Ι
536 3141 619 3203 77,
649 3142 713 3190 15
730 3136 831 3191 καὶ
868 3131 1045 3200 αὐτὸς
1081 3156 1152 3207 με
1187 3135 1292 3193 τόν
1327 3134 1497 3244 λόγον
1533 3160 1636 3209 της
1661 3134 1966 3208 γυναικὸς,
2005 3135 2189 3202 ευθυς

244 3243 432 3291 πιανη
468 3217 535 3275 τὸ
581 3221 806 3290 βιβλίον
842 3216 991 3275 ὅπου
1029 3219 1277 3292 ἔγραψε·
1316 3224 1415 3278 καὶ
1443 3218 1743 3291 έθαυμαζε
1777 3223 1878 3277 καὶ
1915 3214 2131 3291 ἔλεγε
2099 3242 2188 3277 οτι

247 3303 499 3367 ουδένας
535 3307 746 3373 177,19
768 3305 870 3359 καὶ
895 3325 1041 3373 μετα
1065 3325 1247 3362 ταυτα
1289 3305 1406 3377 εἶχε
1430 3305 1687 3377 μεγάλην
1723 3301 2001 3374 ἀπορίαν·
2039 3326 2189 3374 ομως
2281 3378 2286 3383 Ι

248 3390 350 3446 δὲν
386 3388 509 3460 εἶχε
544 3392 608 3444 τί
640 3409 715 3443 να
749 3385 906 3459 κόμη
941 3391 1045 3444 καὶ
1080 3385 1346 3462 έγόρισεν
1392 3391 1478 3454 είς
1510 3387 1622 3461 τὴν
1655 3392 1913 3458 πατρίδα
1948 3409 2053 3444 του
2086 3390 2189 3444 καὶ

249 3471 426 3542 ἐπῆρε
464 3479 717 3544 γυναῖκα
750 3474 852 3529 καὶ
886 3469 1234 3544 ἡσόγχασεν.
1267 3479 1276 3541 Ι
1311 3481 1392 3541 78,
1431 3480 1463 3529 6
1497 3471 1576 3546 μὴ
1614 3466 1915 3544 έλπίζης
1884 3493 1974 3528 οτι
2010 3468 2047 3543 ἡ
2084 3494 2187 3528 κα-

247 3553 640 3627 κοσύμβουλος
677 3550 825 3627 αὕτη
863 3559 1011 3627 γυνῆ
1048 3557 1217 3614 θέλει
1244 3554 1530 3628 δουλεόση
1568 3558 1678 3628 τὴν
1713 3560 2015 3629 βασιλείαν
2053 3570 2183 3614 σου”
