2563 4087
442 251 560 315 158

440 392 879 482 συμβεβηκῶς
932 396 1256 471 κίνδυνος
1319 394 1402 479 τῇ
1466 394 1836 481 εἱμαρμένῃ
1888 393 2149 461 τούτων
2193 392 2348 461 ἀπέ-

440 522 614 564 κειτο
637 549 656 583 ,
724 496 838 563 καὶ
898 492 1185 581 ἤμελλον
1250 483 1438 562 οὗτοι
1501 496 1596 584 τῷ
1659 497 1896 586 τοιῷδε
1955 494 2183 585 τρόπῳ
2239 499 2347 562 τοῦ

440 604 599 684 βίου
659 592 1096 677 ’ὑπεξελθεῖνῖ
1196 592 1233 662 6
1303 593 1381 662 δὲ
1443 594 1758 681 βασιλεὺς
1820 595 1944 663 τὸν
2009 596 2216 681 λόγον
2271 594 2348 675 ὥς

292 760 414 806 1›.90
443 705 598 766 λίαν
661 695 1080 785 εὐάρμοστον
1132 694 1669 784 ἀποδεξάμενος,
1726 694 1907 785 ἥσθη
1956 699 2069 766 ἐπὶ
2117 702 2194 785 τῇ
2241 701 2347 765 τοῦ

390 828 414 866 5
440 804 606 867 υίοῦ
676 798 860 867 πάνυ
922 799 1188 868 συνέσει
1251 798 1367 866 καὶ
1430 802 1519 884 τῇ
1581 796 1831 867 τούτου
1895 799 2345 885 συλλογιστικῇ

441 902 556 968 καὶ
603 902 954 988 σοφιστικῇ
1007 898 1376 987 ἀποκρίσει.
1441 908 1563 968 καί
1605 919 1769 987 φησι
1816 897 1987 987 πρὸς
2021 900 2140 968 τὸν
2176 910 2345 969 Συν-

441 1008 678 1070 τίπαν·
729 1000 1026 1088 ‘almam
1063 997 1101 1069 ὃ
1137 997 1224 1069 ἂν
1264 1002 1525 1080 ἐθέλοις
1561 1008 1682 1070 καί
1712 1022 1818 1070 σοι
1852 998 2024 1090 πρὸς
2060 1006 2176 1088 τῆς
2205 1004 2345 1088 ἐμῆς

441 1109 782 1189 βασιλείας
807 1102 1359 1190 βραβευθήσεται.
1399 1099 1571 1170 ἀλλά
1591 1102 1705 1170 καὶ
1735 1112 1909 1183 εἴτις
1937 1103 2346 1190 περισσοτέρα

444 1224 548 1272 σοι
591 1204 908 1294 πρόσεστι
952 1203 1555 1289 διδασκαλία,,καὶ
1600 1204 1803 1290 τήνδε
1847 1201 1971 1272 τὸν
2022 1204 2184 1273 υἱόν
2231 1230 2346 1291 μου

368 1334 416 1371 ιο
446 1304 833 1387 ἑκδίδαξον.’
883 1301 921 1372 6
951 1304 1028 1373 δὲ
1049 1312 1404 1385 Συντίπας
1434 1310 1559 1392 ἔφη
1581 1309 1686 1396 τῷ
1712 1312 2009 1392 βασιλεῖ·
2043 1304 2347 1391 ’γνωστὸν

354 1469 361 1478 .
446 1413 612 1476 ἔστω
646 1409 741 1498 τῷ
779 1406 1004 1493 κράτει
1038 1425 1191 1493 σου,
1229 1396 1633 1494 ὦ’βασιλεῦ,
1687 1404 1779 1486 ὣς
1828 1405 2039 1475 οὐδὲν
2084 1412 2200 1493 τῆς
2246 1426 2344 1475 σο-

442 1513 744 1595 φιστικῆς
771 1510 1006 1596 τέχνης
1033 1510 1150 1576 καὶ
1179 1508 1562 1594 λογιότητος
1588 1507 1664 1575 τὸ
1693 1507 2017 1594 παράπαν
2040 1509 2345 1592 ἐνέλιπον,

441 1606 610 1696 ὅπερ
645 1608 735 1696 μὴ
770 1607 892 1677 τὸν
918 1608 1080 1678 υἱόν
1106 1636 1183 1695 γε
1208 1608 1334 1678 τόν
1361 1608 1488 1678 σὸν
1517 1609 1892 1695 ἐξεδίδαξα,
1930 1607 2021 1698 ὣς
2048 1611 2163 1677 καὶ
2191 1609 2343 1676 πάν-

440 1736 579 1778 των
624 1714 773 1778 τῶν
809 1707 948 1780 ὑπὸ
996 1708 1120 1798 τὴν
1166 1717 1516 1797 βασιλείαν
1551 1730 1679 1778 σου
1716 1707 2118 1798 φιλοσόφων
2152 1709 2346 1797 ὑπέρ·

368 1835 416 1874 15
440 1837 639 1900 τερον
683 1810 899 1880 αὐτὸν
947 1810 1389 1898 καταστῆναι.’
1456 1809 1492 1878 6
1540 1810 1617 1879 δὲ
1649 1812 1965 1899 βασιλεὺς
1998 1803 2346 1900 ὑπολαβών

357 1929 364 1937 ·
445 1911 616 1998 πρὸς
661 1912 824 1994 τούς
870 1915 1270 2001 μεγιστᾶνας
1320 1913 1434 1982 καὶ
1475 1910 1638 1991 τούς
1673 1908 1797 1981 ὑπ’
1838 1911 2055 1982 αὐτὸν
2092 1911 2344 2001 φιλοσό-

441 2042 619 2100 φους
657 2021 814 2106 ἔφη·
872 2006 1044 2105 ειῖιρά
1082 2041 1160 2102 γε
1193 2003 1411 2085 ταῦτα
1447 2012 1839 2101 φιλαλήθως
1886 2011 2052 2103 ἡμῖν
2099 2016 2135 2084 6
2176 2025 2342 2086 Συν·

440 2126 640 2196 τίπας
689 2116 1117 2205 φθέγγεται;’
1183 2123 1254 2185 οἳ
1295 2115 1372 2185 δὲ
1420 2111 1908 2204 ἀπεκρίναντο·
1967 2117 2117 2186 ‘noel
2162 2116 2341 2204 μάλα,

412 2208 496 2285 ’ὦ
535 2217 870 2286 δέσποτα.’
943 2215 983 2286 ὂ
1033 2218 1110 2288 δὲ
1160 2221 1447 2310 τῷυίςό
1503 2219 1839 2305 ἐμβλέψας
1892 2217 2109 2288 αὐτοῦ
2161 2219 2339 2304 λέγει·

367 2315 549 2387 20‘61)
590 2318 665 2387 δὲ
700 2327 774 2388 τί
819 2319 1001 2407 φής,
1037 2311 1089 2387 ὦ
1125 2319 1402 2402 τέκνον;
1464 2316 1752 2409 ἀληθείᾳ
1786 2323 2003 2388 ταῦτα
2038 2321 2189 2411 περὶ
2234 2320 2339 2387 σοῦ

444 2447 519 2505 γε
556 2418 592 2489 6
629 2418 747 2500 σός
783 2422 1024 2508 φάσκει
1059 2418 1518 2501 διδάσκαλος;’
1586 2425 1659 2489 οἱ
1687 2419 1765 2489 δὲ
1814 2421 2169 2509 φιλόσοφοι
2210 2417 2335 2486 ἀντὶ

392 2606 396 2613 ἱ
442 2526 565 2590 τοῦ
618 2522 858 2602 παιδὸς
907 2522 1388 2611 ἀποκριθέντες
1434 2518 1662 2591 εἶπον·
1722 2519 1980 2602 ‘mmsis
2019 2520 2110 2602 ὥς
2144 2520 2178 2589 6
2211 2518 2334 2595 υῖός

445 2645 571 2694 σου
625 2627 699 2692 ἐν
745 2629 833 2712 τῇ
880 2629 1022 2693 τῶν
1062 2624 1289 2710 λόγων
1324 2624 1674 2711 διαπρέπει
1707 2622 2123 2711 κομψότητι.’
2190 2622 2333 2705 λέγει

444 2717 570 2793 οὖν
606 2727 721 2794 καὶ
759 2724 796 2792 6
827 2741 986 2806 παῖς
1010 2732 1109 2819 τῷ
1136 2733 1426 2813 βασιλεῖ·
1476 2723 1494 2750 ‘
1513 2729 1814 2812 γνωρίζω
1843 2745 1968 2794 σου
1996 2730 2095 2815 τῷ
2121 2721 2330 2810 κράτει,

368 2850 418 2889 95
446 2816 498 2891 ὦ
547 2828 875 2912 δέσποτα,
941 2826 1033 2906 ὦς
1074 2836 1164 2896 ἐἴ
1200 2852 1300 2905 τις
1346 2829 1486 2894 τῶν
1535 2823 1925 2915 ἀνθρώπων
1972 2825 2064 2914 μὴ
2109 2829 2330 2894 τελείαν

294 2966 338 3000 1·-
367 2953 415 2990 91
447 2934 638 3013 σχοίη
689 2926 1002 3013 σύνεσιν,
1055 2926 1182 2998 οὐκ
1229 2926 1651 2997 ἀποδίδωσιν
1698 2925 1928 3013 ἀγαθὰ
1976 2942 2130 3008 τοῖς
2153 2920 2331 2993 αὐτὸν

583 3158 610 3205 1
647 3150 1033 3224 συμβεβηκόσι
1163 3150 1423 3211 ἐπέκειτο
1459 3159 1503 3208 Ρ
1538 3159 1698 3207 minus
1732 3164 1890 3208 recte.
1927 3157 2084 3235 οΙζῃό,
2120 3157 2183 3206 24
2307 3151 2331 3198 3

448 3217 796 3287 ὑπεξελθεῖν
831 3227 899 3289 cf.
939 3227 1052 3288 140,
1091 3229 1119 3275 1
1259 3228 1292 3276 5
1329 3220 1557 3277 συνέσει
1591 3218 1784 3276 πάνυῗ
1822 3222 1955 3275 λίαν
1989 3223 2149 3288 ησθη
2182 3221 2221 3272 Ρ

442 3291 541 3343 καὶ
580 3291 649 3356 τῆ
684 3332 696 3344 .
736 3328 748 3342 .
786 3293 892 3344 καί
923 3290 1123 3357 φησι]·
1158 3290 1260 3344 καὶ
1304 3286 1453 3358 τάχα
1491 3285 1587 3344 ἐπὶ
1630 3288 1699 3374 τῇ
1735 3305 1783 3343 σ.
1820 3308 1873 3343 κ.
1912 3305 1962 3342 σ.
2000 3308 2055 3342 α.
2094 3281 2330 3355 φρονήσει

442 3358 539 3411 καὶ
589 3343 893 3424 ἀποκρίσει
941 3357 1086 3425 φησὶ
1135 3361 1179 3410 Ρ
1386 3363 1415 3410 7
1451 3349 1594 3425 ὅπερ
1639 3375 1712 3411 αν
1750 3352 1961 3426 ἐθέλῃς
1997 3360 2041 3409 Ρ
2084 3364 2239 3412 recte5
2274 3351 2328 3412 cf·

443 3429 554 3483 138,
595 3429 656 3478 18
831 3430 893 3478 15
929 3422 1285 3492 καταστῆσαι
1321 3426 1366 3477 P
1520 3429 1587 3478 20
1623 3420 1686 3480 ἐν
1729 3419 1989 3497 ἀληθείᾳ
2026 3426 2088 3480 Ρ.
2125 3425 2188 3484 ef.
2222 3421 2328 3472 Plut-

441 3497 505 3544 de
542 3496 646 3556 def.
684 3511 761 3547 or.
799 3496 864 3545 37
899 3510 953 3557 p.
979 3496 1096 3556 523,
1134 3496 1165 3544 2
1203 3495 1335 3551 Did,-
1371 3495 1547 3560 Pomp.
1587 3497 1671 3557 46,
1710 3497 1741 3546 3
1856 3496 1921 3545 26
1959 3486 2070 3559 τὴν
2105 3484 2334 3543 niveam?

440 3555 548 3623 τὴν
585 3554 868 3625 φρόνησιν
904 3562 947 3610 Ρ
