2563 4087
54 3 539 51 ‹qW-U-'sr-r.
591 5 604 8 s
654 5 665 8 -

118 24 127 33 ἱ
270 28 303 45 ⁵,
320 44 327 53 -ι
368 44 377 51 n
452 38 459 47 ¹
606 26 617 35 ⁸

54 62 55 73 1
282 64 287 71 a

278 76 285 85 ὴ

951 261 1102 312 vm.
1141 261 1177 311 i.
1218 263 1263 310 1.
1992 258 2071 322 87

173 402 436 484 πολλοὺς
472 402 584 471 διὰ
619 409 857 490 φιλίαν
906 416 1155 489 φαγεῖν
1191 402 1669 488 προκαλέσατο.
1753 399 1895 469 εἶτα
1932 403 2074 468 τῶν

167 507 564 593 κεκλημένων
599 505 1082 574 καθεσθέντων
1116 504 1233 572 καὶ
1273 503 1643 572 ἐσθιόντων
1663 555 1681 588 ,
1720 500 2074 594 ᾠκονόμηψ

167 628 269 676 σεν
311 606 540 686 αὐτοῖς
590 621 768 675 πιεῖν
820 605 1013 691 γάλα.
1100 606 1216 672 καὶ
1266 606 1537 691 πέμψας
1584 598 1737 698 (τὴν
1787 603 2073 691 δούλην)

171 716 250 788 εἰς
280 709 395 777 τὸν
430 708 652 796 φόρον
692 711 816 775 τοῦ
854 705 1184 794 ἀγοράσαι
1231 705 1407 792 γάλα
1443 722 1586 786 τοῖς
1623 706 2075 794 κεκλημένοις,

166 808 464 897 ἀνέμενεν
521 807 758 894 αὐτήν.
833 805 1004 895 αὕτη
1051 807 1128 876 δὲ
1177 805 1571 893 ἀγοράσασα
1621 808 1697 875 τὸ
1747 806 1921 892 γάλα
1957 809 2073 875 καὶ
2099 835 2124 871 5

168 912 517 997 έπιθήσασα
567 909 670 999 [τὸ
719 907 918 997 γάλα]
974 911 1089 978 ἐπὶ
1131 908 1259 995 τὴν
1311 910 1555 994 ἑαυτῆς
1590 906 1931 997 κεφαλήν,
1981 908 2074 987 ω”ς

172 1019 306 1092 ἔθος
336 1013 467 1081 τισὶ
501 1013 774 1098 γυναιξὶ
812 1025 1067 1097 ποιεῖν,
1104 1018 1201 1089 εἰς
1235 1010 1360 1098 τὴν
1397 1018 1624 1079 οἰκίαν
1663 1013 1786 1078 τοῦ
1824 1010 2073 1079 δεσπό·

169 1140 272 1183 του
305 1112 514 1202 αὐτῆς
552 1112 980 1201 ἐπανήρχετο.
1051 1110 1304 1198 ταύτης
1351 1110 1427 1180 δὲ
1467 1113 1855 1199 ἐρχομένης,
1891 1109 2075 1179 ἅνω-

170 1225 276 1284 θεν
309 1219 562 1295 λοῦπος
599 1212 900 1302 καταβάς
949 1210 1110 1300 ὅφιν
1143 1212 1293 1281 τινὰ
1330 1210 1590 1301 ἥρπασε
1637 1215 1905 1301 κρατῶν
1942 1212 2075 1280 αύ-

167 1317 270 1383 τόν
305 1320 375 1386 ἐν
409 1333 553 1396 τοῖς
588 1314 806 1384 αὐτοῦ
846 1312 1055 1396 ὄνυξι.
1113 1314 1474 1401 πετόμενος
1511 1313 1589 1382 δὲ
1627 1324 1740 1382 ἴσα
1781 1316 2071 1401 κατέπτη
2102 1341 2151 1379 ιο

168 1420 270 1485 τοῦ
317 1424 750 1502 τζουκαλίου·
816 1418 932 1486 καὶ
998 1415 1035 1484 ὁ
1090 1413 1244 1502 ὄφις
1299 1414 1749 1502 σφιγγόμενος
1803 1391 2282 1501 σφόδραΡΠΟΒ’

165 1516 284 1586 ὑπὸ
332 1523 471 1587 τῶν
524 1517 798 1604 ὀνύχων
853 1521 975 1587 τοῦ
1039 1518 1341 1605 λούπου,
1402 1516 1540 1585 ὑπὸ
1595 1520 1714 1605 τῆς
1774 1515 2075 1604 ἀνάγκης

167 1620 407 1708 ε’ξήμεσε
440 1621 518 1688 τὸ
555 1621 948 1708 φάρμακον·
988 1617 1263 1688 κάκεῖνο
1300 1618 1516 1705 χυθὲν
1543 1620 1790 1707 κατέβη
1828 1628 1941 1687 ἴσα
1977 1624 2076 1697 εἰς

165 1721 227 1787 τὰ
261 1723 470 1809 στόμα
503 1724 629 1790 τοῦ
658 1728 1082 1804 τζουκαλίου.
1134 1722 1249 1788 καὶ
1278 1718 1460 1789 οὕτω
1488 1722 1888 1808 γενομένου,
1916 1718 2070 1787 οὐδ’

164 1818 313 1903 ὅλως
350 1823 588 1912 ἐνόησε
621 1825 825 1891 τοῦτο
869 1821 911 1908 ἡ
950 1822 1164 1910 δούλη
1189 1875 1207 1907 ,
1262 1824 1568 1909 φέρουσα
1620 1823 1730 1890 ἐπὶ
1776 1823 2075 1907 κεφαλῆς
2105 1846 2152 1885 15

163 1922 225 1990 τὸ
257 1925 660 2008 τζουκάλιον.
734 1927 1139 1993 εἰσελθοῦσα
1192 1923 1269 1991 δὲ
1307 1930 1403 2003 εἰς
1440 1923 1561 1991 τὸν
1608 1922 1798 1991 οἷκον
1849 1923 1964 1989 καὶ
2001 1921 2075 1989 τὸ

169 2025 321 2110 γάλα
372 2034 707 2115 κομίσασα
760 2040 901 2105 τοῖς
960 2028 1347 2111 ἐσθίουσιν,
1410 2021 1700 2105 ἅπαντες
1765 2030 1953 2093 ἔπιον
2010 2024 2075 2104 ἐξ

166 2125 358 2197 αὐτοῦ
409 2131 524 2198 καὶ
575 2126 836 2207 εὐθέως
876 2126 1247 2196 ἀπέθανον.
1320 2137 1549 2195 εἴπατε
1600 2117 1729 2194 οὖν
1764 2152 1912 2212 μοι,
1962 2151 2077 2211 φι-

162 2229 455 2317 λόσοφοι,
492 2238 597 2309 τίς
633 2227 882 2298 τούτου
919 2231 1042 2296 τοῦ
1078 2228 1388 2296 θανάτου
1425 2229 1707 2315 γέγονεν
1743 2225 2021 2305 αἴτιος.“

298 2327 418 2411 Εἷς
458 2333 543 2400 δέ
569 2358 666 2411 τις
713 2333 852 2398 τῶν
888 2329 1286 2418 φιλοσόφων
1321 2327 1718 2418 ἀποκριθεὶς
1769 2335 1927 2416 ἔφη·
1988 2327 2074 2414 ,,ὁ
2104 2356 2154 2394 20

164 2429 269 2517 τὴν
301 2434 629 2519 τράπεζαν
665 2432 974 2519 ποιήσας·
1029 2437 1275 2519 ἔπρεπε
1311 2431 1442 2519 γὰρ
1480 2429 1694 2501 αὐτόν
1714 2483 1733 2518 ,
1784 2428 1915 2517 πρὸ
1951 2430 2074 2497 τοῦ

165 2549 323 2600 πιεῖν
356 2535 520 2614 τούς
561 2538 636 2603 ἐν
672 2536 753 2622 τῇ
793 2533 1080 2621 τραπέζῃ
1121 2535 1552 2620 καθημένους
1591 2535 1664 2600 ἐκ
1700 2534 1822 2599 τοῦ
1859 2529 2076 2615 γάλα-

167 2658 301 2715 κτος
338 2639 640 2724 ἐκείνου,
689 2635 1020 2722 πρότερον
1055 2641 1275 2703 εἰπεῖν
1321 2637 1407 2720 τῇ
1448 2633 1664 2720 δούλῃ
1702 2632 2077 2718 γεύσασθαι

284 2903 306 2948 1
343 2901 575 2963 nouom?
613 2901 842 2963 παρακῖ
1016 2899 1047 2948 3
1094 2894 1198 2963 τὴν
1238 2888 1457 2963 δούλην
1491 2913 1584 2950 om,
1623 2897 1785 2961 ARV,
1824 2899 2081 2961 suppleuit

167 2961 516 3017 Boissonade:
555 2975 632 3017 est
669 2969 719 3016 in
757 2967 812 3016 M
851 2961 1102 3017 ἔστειλεν
1141 3002 1187 3013 ..
1227 2956 1335 3029 τὴν
1361 2956 1573 3016 ἑαυτοῦ
1600 2955 1821 3029 δούλην
1845 2971 1894 3014 et
1931 2967 1983 3014 in
2007 2965 2075 3016 D.

166 3024 355 3086 ἔστειλε
389 3035 533 3098 μίαν
571 3037 821 3099 γυναῖκα
857 3036 996 3084 Ven.
1145 3036 1177 3082 4
1214 3029 1418 3096 φόρον]
1456 3035 1489 3084 i.
1530 3049 1574 3082 e.
1615 3024 1832 3092 ἀγοράν
1869 3032 1954 3092 Μ,
1997 3032 2077 3081 fo—

164 3113 263 3149 rum
394 3105 424 3152 6
463 3093 802 3167 έπιθήσασα
836 3104 871 3151 i.
909 3117 951 3151 e.
988 3093 1266 3151 ἐπιθεῖσα
1304 3101 1358 3148 Μ
1499 3092 1561 3149 τό
1601 3093 1750 3166 γάλα
1786 3101 1971 3149 seclusi

164 3158 230 3223 (ὃς
263 3206 307 3220 ..
341 3173 535 3220 ποιεῖν
580 3185 672 3219 om.
724 3170 806 3229 M;
861 3169 1064 3218 addidit
1119 3170 1348 3231 scriptor
1402 3175 1458 3217 uc
1509 3183 1711 3217 seruam
1754 3169 1902 3230 culpa
1948 3168 2081 3217 omni

162 3233 352 3292 liberet‚·
373 3240 491 3288 ideo
518 3238 747 3300 fortasse
770 3253 870 3301 pro
894 3253 944 3285 u.
975 3250 1089 3285 τισι
1113 3236 1432 3285 scribendum
1457 3238 1604 3293 ταῖς.
1631 3237 1699 3296 cf.
1722 3236 1769 3283 D
1863 3236 1891 3283 7
1920 3236 2078 3284 πιεῖν

167 3300 207 3346 V
260 3331 269 3335 ·
329 3307 362 3355 8
397 3297 754 3369 ἐπανήρχετο
790 3344 802 3356 .
828 3341 839 3352 .
880 3295 1157 3368 ἐρχομένη
1195 3311 1248 3352 ut
1292 3306 1344 3352 in
1379 3302 1435 3349 M
1472 3319 1572 3351 non
1606 3305 1801 3351 multum
1836 3301 1899 3351 ab
1936 3302 2079 3350 initio

163 3374 365 3421 occurrit
401 3371 684 3423 διελθεῖν.
724 3363 1006 3433 ἐλθούσης
1043 3368 1126 3420 δέ.
1166 3388 1197 3417 ιι
1224 3388 1323 3435 qua
1357 3378 1582 3419 ueterum
1616 3371 1924 3431 scriptorum
1959 3383 2078 3417 con-

166 3442 402 3489 meetudine
438 3456 501 3489 ne
537 3441 873 3489 recentissimi
907 3440 1103 3502 quidem
1140 3440 1484 3488 dosa-esserunt
1644 3439 1674 3484 9
1714 3429 1966 3487 λούππος
2001 3434 2075 3490 D;

164 3506 225 3552 ad
254 3506 488 3570 Philoqet.
528 3508 629 3557 257
795 3509 858 3556 10
893 3496 1217 3569 πετόμενος
1255 3506 1302 3550 V
1467 3502 1563 3554 ἴσα
1601 3502 1701 3554 τοῦ
1737 3506 1770 3551 ι’.
1810 3518 1854 3550 e.
1894 3494 2078 3558 εὐθὺς

166 3570 254 3621 τοῦ
382 3578 445 3626 15
482 3566 720 3639 ἔννόησε
757 3573 805 3621 V
949 3574 1010 3622 19
1049 3566 1301 3622 τούτων’.)
1441 3574 1504 3619 22).
1543 3573 1737 3620 ποιεῖν
1772 3571 1817 3617 Α

48 3877 51 3890 λ

264 4005 301 4022 ,,

308 4035 317 4044 ·
360 4025 463 4052 ξιιμ·
