2563 4087
504 268 626 329 114
1337 264 1488 314 v111.
1527 279 1580 313 u.

501 436 637 496 γως
663 409 771 477 ἐπὶ
800 409 921 475 τοῦ
951 406 1244 496 κράτους
1274 425 1400 474 σου
1428 403 1871 492 κατηγόρησα.
1911 404 2023 472 καὶ
2050 401 2126 471 τὸ
2156 403 2409 491 σφάλμα

501 536 632 598 μου
670 508 979 596 γινώσκω
1015 508 1128 574 καὶ
1165 508 1481 595 φανερῶς
1516 503 1591 574 τὸ
1631 505 1931 593 πταῖσμά
1958 532 2091 592 μου
2128 515 2407 591 καθομο-

505 613 687 697 ‚zore-3
724 610 838 677 καὶ
875 615 972 688 εἰς
1010 606 1264 676 ούδένα
1293 607 1500 693 λόγον
1528 605 1864 695 ἀρνοῦμαι
1896 609 2116 674 τοῦτο.
2175 606 2413 689 λοιπόν,

506 703 555 780 ὦ
592 714 858 799 μέγιστε
893 713 1205 799 βασιλεῦ,
1253 706 1290 776 ὅ
1338 731 1442 778 σοι
1477 717 1789 795 φαίνεται
1834 716 2120 795 ποίησον
2157 715 2252 786 είς
2293 709 2411 795 ἐμέ,

451 841 476 880 5
505 812 595 893 ὥς
674 808 758 880 ἂν
820 808 1020 902 ὁρίσῃ
1078 811 1153 880 τό
1227 808 1865 897 εὕσπλαγχνονῖκαὶ
1927 809 2411 899 θεοπρόβλητον

501 915 746 1002 κράτος
784 912 977 983 σου.“
1040 914 1151 983 ἐπὶ
1185 913 1450 992 τούτοις
1486 910 1521 980 ὁ
1553 909 1871 1000 βασιλεύς
1900 909 2284 998 ἀναβλέψας
2315 910 2411 976 καὶ

507 1017 677 1087 ἰδών
720 1031 864 1095 τοῖς
910 1018 1296 1103 μεγιστᾶσιν
1348 1013 1561 1082 αὐτοῦ
1624 1014 1738 1081 καὶ
1785 1012 2186 1100 χιλιάρχοις,
2246 1010 2413 1080 εἶπεν

504 1117 769 1196 αὐτοῖς·
823 1124 1029 1205 ,,τίνα
1076 1114 1339 1204 βουλὴν
1389 1120 1609 1184 δίδετε
1660 1112 1855 1202 ’ὑμεῖς
1913 1115 2055 1201 ἐμοὶ
2115 1116 2266 1202 περὶ
2313 1114 2413 1198 τῆς

502 1218 825 1307 γυναικὸς
862 1218 1149 1305 ταύτης,
1198 1215 1363 1307 ὅπερ
1404 1220 1673 1304 ἐποίησε
1709 1212 2008 1304 πονηρὰν
2049 1221 2281 1304 ἔργον,
2315 1213 2407 1282 καὶ

429 1351 476 1388 10
506 1329 710 1391 ποίαν
746 1328 1071 1409 τιμωρίαν
1125 1320 1310 1388 ἐστὶν
1345 1317 1535 1400 ἄξιον
1581 1316 1756 1405 αὐτῇ
1795 1317 2143 1400 διδόναι;“
2211 1311 2303 1395 εἷς
2348 1315 2415 1383 δέ

502 1451 600 1504 τις
634 1425 772 1491 των
808 1421 1226 1509 μεγιστάνων
1275 1418 1706 1511 λέγειάύτῷ·
1761 1417 2074 1506 ,,δίκαιόν
2128 1422 2329 1502 ἐστιν,
2364 1404 2408 1482 ὦ

503 1526 807 1612 βασιλεῦ,
843 1538 1071 1609 χεῖρας
1106 1523 1220 1590 καὶ
1259 1522 1472 1601 πόδας
1523 1524 1638 1608 τῆς
1675 1519 1996 1605 γυναικὸς
2033 1519 2407 1607 ἀποτμηθῆ-

504 1624 683 1693 ναι.“
741 1627 963 1711 ἕτερος
1000 1622 1076 1692 δὲ
1112 1621 1556 1712 ἀπεκρίνατο·
1598 1620 1773 1708 ,,ούχ
1810 1619 2026 1701 οὕτως
2065 1627 2194 1707 ἔχει
2219 1619 2291 1688 τὸ
2317 1623 2410 1686 δι’-

505 1753 719 1812 καιον,
757 1724 928 1793 ἀλλὰ
965 1725 1176 1812 ζώσης
1205 1723 1420 1809 αὐτῆς
1452 1726 1896 1812 ἐξορυχθῆναι
1922 1722 2048 1808 τὴν
2075 1718 2409 1812 καρδίαν.“

431 1855 480 1894 15
508 1825 710 1907 ἄλλος
747 1826 824 1895 δὲ
857 1829 995 1894 τῶν
1030 1826 1451 1913 μεγιστάνων
1490 1832 1646 1913 ἔφη’
1687 1825 1857 1911 ,,τὴν
1897 1829 2204 1911 γλῶτταν
2229 1822 2411 1907 αὐτῆς

510 1931 873 2016 ἐκκοπῆναι
908 1926 1169 2016 πρέπον
1208 1925 1418 1997 ἐστί.“
1485 1929 1598 1994 καὶ
1646 1925 1688 2012 ἦ
1727 1924 1900 2013 γυνὴ
1938 1931 2077 1994 τῶν
2117 1924 2412 1994 τοιούτων

507 2031 856 2100 ἀκούσασα
893 2028 1307 2116 ἀποφάσεων
1343 2030 1458 2098 καὶ
1495 2032 1644 2108 οἵας
1679 2035 2004 2117 τιμωρίας,
2026 2026 2223 2110 ἀξίαν
2257 2025 2407 2095 ἀπο-

510 2141 871 2220 φαίνονται
904 2132 1195 2219 ταύτην,
1245 2131 1557 2200 τοιοῦτόν
1592 2157 1739 2199 τινα
1789 2134 2019 2218 μῦθον
2057 2129 2223 2219 πρὸς
2261 2132 2408 2197 ἐκεί-

507 2262 671 2313 νονς
708 2233 1208 2320 ἀπεφθέγξατο·

436 2363 485 2401 20
666 2326 783 2422 „³52
821 2338 1245 2422 μεγιστᾶνες,
1293 2342 1652 2422 φαίνονται
1688 2334 1768 2401 τὰ
1808 2331 1968 2421 παρ’
2009 2330 2207 2420 ’ὑμῶν
2241 2328 2410 2415 λεγό-

305 2412 677 2526 1”1”’3Β’μενα
728 2434 877 2504 κατ’
940 2437 1103 2523 ἐμοῦ
1155 2432 1327 2524 πρὸς
1375 2434 1800 2525 παράδειγμά
1846 2461 2026 2513 τινος
2073 2432 2411 2513 ἀλώπεκος,

506 2538 652 2625 ἥτις
689 2536 797 2607 διά
835 2536 1054 2625 πάσης
1087 2538 1336 2618 νυκτὸς
1374 2548 1470 2617 εἷς
1496 2565 1644 2628 τινα
1682 2537 1878 2606 πόλιν
1908 2536 2262 2625 εἰσήρχετο.
2315 2530 2407 2600 καὶ

507 2632 591 2727 ἦν
628 2639 668 2726 ἡ
706 2639 954 2726 ταύτης
992 2642 1356 2719 εἰσέλευσις
1394 2638 1503 2706 διὰ
1530 2644 1821 2727 θυρίδος
1848 2635 2029 2718 τινὸς
2058 2635 2406 2725 ἀνθρώπου

508 2745 803 2829 δέρματα
842 2742 1317 2828 ἐργαζομένου·
1355 2741 1469 2808 καὶ
1506 2738 1667 2818 ὅσας
1706 2737 1923 2829 φοράς
1961 2740 2297 2827 εἰσήρχετο
2328 2739 2408 2810 εἰς

432 2870 483 2909 25
508 2841 629 2909 τὸν
678 2840 867 2910 οἷκον
917 2846 1038 2909 τοῦ
1088 2840 1339 2931 ἀνδρὸς
1391 2844 1690 2928 ἐκείνου,
1745 2849 1991 2929 ἔτρωγε
2040 2840 2121 2908 τὰ
2177 2842 2409 2909 ἐκείνου

510 2945 823 3031 δέρματα.
880 2941 1022 3011 εἶτα
1050 2940 1085 3011 ὁ
1118 2941 1442 3032 ε’ργαστὴς
1474 2947 1727 3022 ἐκεῖνος
1759 2941 1927 3012 ι’δων
1955 2939 2081 3010 ὅσα
2114 2950 2412 3029 σχίσματα

649 3109 674 3156 1
714 3122 986 3171 cognosces
1022 3108 1158 3158 Noui
1195 3106 1503 3157 Testamenti
1534 3122 1810 3157 sermonem
1914 3108 1942 3155 7
1982 3096 2126 3156 ἰδών
2150 3104 2303 3164 ABV,
2337 3091 2411 3163 ε’μ·

509 3169 732 3241 βλέψας
751 3176 838 3225 M:
860 3191 923 3225 ne
941 3182 1107 3225 tamen
1119 3166 1328 3225 ἐνιδών
1348 3181 1689 3239 reponeretur
1706 3175 1917 3237 officere
1935 3173 2203 3223 uidebatur
2219 3189 2267 3236 p.
2282 3163 2413 3224 123,6

508 3243 594 3293 ubi
626 3244 743 3293 uide
770 3259 898 3309 quae
923 3244 1169 3293 adnotam'
1271 3244 1302 3292 9
1339 3232 1486 3308 ἤπερ
1512 3241 1873 3294 Boissonade.
1910 3243 2009 3291 sed
2029 3248 2129 3290 tum
2152 3242 2313 3305 utique
2333 3231 2411 3285 ad·

511 3312 708 3389 dencg'us
728 3312 974 3361 articulus
997 3301 1344 3387 τὸ,πονηρόν
1371 3305 1553 3376 ἔργον.
1603 3301 1743 3375 ὅπερ
1767 3316 1846 3370 est
1870 3311 1904 3362 i.
1935 3326 1985 3375 q.
2010 3301 2158 3359 καθ’
2183 3300 2330 3369 ὅπερ.
2360 3314 2411 3378 (ξπ

512 3375 595 3437 εἰς
620 3380 797 3459 οπερῖ
917 3379 979 3428 18
1018 3378 1237 3455 avgnv?
1274 3394 1325 3426 u.
1352 3378 1430 3454 Ι),
1517 3379 1583 3428 20
1619 3380 1791 3427 lemma
1825 3374 2017 3454 μῦθος
2052 3374 2157 3443 τῆς
2188 3380 2412 3438 πονηρᾶς

510 3461 784 3511 γυναικος
988 3446 1056 3494 24
1100 3457 1239 3503 οσας
1277 3440 1486 3511 φορας]
1528 3446 1800 3508 quotiens.
1861 3460 2017 3508 φορα
2053 3452 2133 3494 est
2172 3437 2411 3494 uernacula

509 3514 640 3565 Mal.
677 3530 725 3561 u.
766 3511 960 3561 Corais
999 3512 1194 3588 Aesop.
1233 3527 1286 3574 p.
1322 3514 1420 3561 441
1459 3514 1531 3562 ad
1563 3514 1660 3562 277
1781 3513 1846 3562 26
1884 3504 2123 3576 ἐραστὴς
2157 3513 2201 3561 Β
2308 3499 2410 3557 εἶτα

509 3571 540 3628 ὃ
582 3571 820 3637 σκυτεύς
858 3569 1080 3637 ἐκεῖνος
1126 3571 1387 3640 εωρακώς
1422 3572 1493 3628 τοὶ
1530 3572 1804 3644 γεγονότα
1842 3571 1905 3630 ἐν
1940 3582 2064 3638 τοῖς
2101 3570 2274 3630 αὐτοῦ
2308 3568 2410 3634 δέρ-
