2563 4087
454 254 536 320 78
968 242 971 243 ἢ
1269 254 1393 323 vn.
1432 257 1583 311 vm.

453 398 801 484 γυναικῶν
837 403 1168 486 πονηρία,
1203 398 1319 465 καὶ
1355 396 1446 484 μὴ
1481 393 1698 476 οὕτως
1734 394 1967 477 ἅπλῶς
2003 398 2119 466 καὶ
2155 396 2391 480 ἀνεξε-

452 499 715 579 τάστως
759 498 1165 587 ὑπακούσῃς
1217 498 1388 588 πρὸς
1434 497 1557 567 τὸν
1603 501 1727 567 τοῦ
1778 501 1940 568 υἱοῦ
1992 519 2119 568 σου
2169 499 2405 587 φόνον

454 599 565 670 διὰ
594 601 813 689 μόνην
838 598 1119 689 ἄκαιρον
1145 601 1261 668 καὶ
1280 599 1585 688 μανιώδη
1606 600 1929 686 γυναικὸς
1955 609 2404 691 κατηγορίαν,

455 709 519 773 εἰ
561 703 695 791 γὰρ
743 702 864 771 τὸν
913 700 1039 771 σόν
1085 705 1301 771 παῖδα
1347 701 1738 791 φονεύσεις,
1788 709 1894 782 τίς
1941 700 2074 790 ἄρα
2124 705 2324 772 ἐστὶν
2357 701 2391 771 ὁ

401 831 427 871 5
452 806 570 891 τῆς
607 807 728 890 σῆς
760 811 1103 892 βασιλείας
1140 803 1451 890 διάδοχος
1488 804 1603 872 καὶ
1641 803 2060 893 κληρονόμος
2106 808 2232 872 τοῦ
2273 805 2391 891 γε’-

450 933 619 986 νους
655 926 780 975 σου
817 906 934 974 καὶ
969 910 1087 994 τῆς
1123 903 1367 995 ἆρχῆςς
1422 904 1514 993 μὴ
1548 904 1590 991 ἡ
1627 906 2186 994 κακοσύμβουλος
2216 905 2405 996 γυνὴ

448 1004 575 1093 τὴν
628 1005 754 1095 σὴν
806 1005 1020 1096 ἀρχὴν
1072 1008 1185 1076 καὶ
1231 1014 1583 1096 βασιλείαν
1635 1008 2038 1090 διαδέξεταις
2109 1008 2226 1075 καὶ
2283 1016 2397 1087 τίς

456 1112 634 1179 ἐστιν
670 1107 706 1177 ὁ
742 1108 1092 1197 θαρρήσας
1143 1110 1255 1177 ἐπὶ
1302 1108 1381 1177 τὸ
1418 1109 1543 1178 σὸν
1581 1108 1824 1198 κράτος
1874 1107 2044 1178 ὥστε
2092 1112 2391 1178 δουλεῦ-

453 1218 577 1281 σαί
608 1230 746 1292 σοι;
809 1212 924 1279 καὶ
961 1219 1026 1281 εἰ
1051 1207 1133 1279 οὐ
1168 1210 1421 1298 φθάσει
1455 1209 1741 1298 ἀμοιβὰς
1777 1209 1963 1298 παρὰ
1993 1215 2120 1279 σοῦ
2149 1217 2399 1298 λαβεῖν

376 1339 428 1378 ιο
457 1316 655 1382 ἕνεκα
691 1302 788 1381 ὧν
827 1332 933 1381 σοι
966 1311 1399 1400 δεδούλευκε,
1436 1312 1618 1401 παρὰ
1652 1320 1840 1392 τίνος
1878 1313 2004 1394 ἕξει
2038 1311 2159 1391 τὰς
2194 1310 2404 1400 οἶμοι-ε

451 1415 617 1503 βάς,
653 1417 777 1482 τοῦ
813 1417 976 1482 υἱοῦ
1015 1434 1141 1482 σου
1191 1411 1446 1493 ἀδίκως
1494 1415 1677 1501 παρὰ
1726 1417 1851 1482 σοῦ
1892 1414 2394 1501 φονευθέντος;

453 1513 619 1603 ὅπερ
646 1516 769 1583 γκαὶ
807 1521 906 1594 εἰς
941 1511 1108 1602 ὅλην
1141 1514 1267 1602 τὴν
1304 1516 1712 1603 οἰκουμένην
1761 1513 2019 1595 ὄνειδος
2072 1521 2256 1585 ἔσται
2295 1536 2403 1584 σοι

455 1613 806 1686 αἰώνιον.“

621 1716 900 1787 Τούτων
928 1714 964 1785 ὁ
994 1721 1226 1807 Κῦρος
1252 1720 1391 1786 τῶν
1419 1717 1646 1805 λόγων
1680 1719 1794 1786 καὶ
1823 1716 2402 1808 παραδειγμάτων

379 1845 429 1885 15
456 1821 570 1888 καὶ
606 1817 977 1907 διηγήσεων
1011 1819 1194 1908 παρὰ
1220 1822 1343 1888 τοῦ
1378 1819 1674 1909 ἑβδόμου
1703 1818 2100 1909 συμβούλου
2128 1820 2246 1888 καὶ
2273 1847 2392 1906 φι-

456 1920 760 2009 λοσόφου
789 1919 1292 2009 ἀκροασάμενος
1310 1975 1330 2009 ,
1354 1922 1440 1989 τοὶ
1468 1923 1826 2008 σπλάγχνα
1853 1927 2242 2010 μειλιχθείς,
2274 1922 2405 1989 ἕνα

251 2059 294 2099 p.
305 2048 356 2090 99
374 2048 424 2090 B.
458 2026 597 2093 τῶν
617 2021 833 2092 αὐτοῦ
854 2023 1266 2113 δορυφόρων
1287 2023 1699 2094 οἰκειότατον
1715 2019 2162 2113 [δορυφόρον]
2179 2041 2400 2112 προσ-

456 2125 944 2214 καλεσάμενος,
992 2125 1164 2214 πρὸς
1199 2126 1324 2194 τὸν
1376 2125 1904 2214 σπεκουλάτωρα
1955 2132 2243 2213 ἔπεμψε,
2282 2151 2393 2193 κε-

459 2227 682 2296 λεύων
716 2230 1040 2314 μηδαμῶς
1075 2225 1470 2296 ἆποκτεῖναι
1501 2227 1624 2295 τὸν
1663 2229 1909 2297 ἑαυτοῦ
1946 2226 2129 2297 υἱόν.

379 2356 432 2396 20
612 2326 782 2398 Εἶτα
816 2331 933 2415 τῆς
980 2326 1228 2416 ὀγδόης
1279 2327 1638 2417 ἐπιστάσης
1683 2327 1933 2418 ἡμέρας
1981 2328 2215 2397 λύεται
2260 2326 2392 2415 μὲν

456 2432 579 2499 τοῦ
616 2434 735 2516 τῆς
771 2433 1023 2517 σιωπῆς
1074 2433 1325 2518 δεσμοῦ
1376 2429 1418 2519 ἡ
1463 2433 1586 2499 τοῦ
1628 2431 1869 2510 παιδὸς
1905 2433 2201 2517 γλῶσσα.
2273 2429 2392 2497 καὶ

592 2697 641 2747 4.
679 2697 711 2745 8
747 2697 986 2761 requiras
1022 2690 1182 2747 ἔσται
1387 2697 1420 2745 6
1463 2687 1931 2776 κακοσύμβουλος
1974 2697 2191 2760 scripsi:
2239 2686 2387 2757 κακή

456 2755 778 2844 σύμβουλος
813 2762 974 2813 ABV.
1044 2765 1139 2814 sed
1173 2770 1273 2813 tum
1306 2767 1484 2814 saltem
1528 2757 1677 2829 γυνή
1722 2765 1888 2814 deleri
1929 2764 2225 2827 oportebat.
2257 2779 2307 2814 u.
2342 2761 2393 2811 D

460 2833 489 2881 7
527 2823 731 2913 ἀρχὴν]
772 2822 1030 2897 ταραχὴν
1065 2830 1112 2880 Α
1267 2833 1413 2881 9.11
1452 2829 1717 2896 παρασοῦ
1755 2833 1802 2882 V
1960 2833 2019 2880 11
2057 2832 2109 2881 V
2142 2834 2198 2880 in
2230 2844 2392 2893 marg.

459 2896 772 2963 σημείωσαι
913 2899 975 2947 15
1011 2895 1109 2948 καὶ
1150 2890 1499 2964 φιλοσόφου]
1535 2898 1639 2950 τοῦ
1677 2888 2163 2965 φιλοσοφωτάτου
2197 2898 2254 2947 Μ

462 2968 524 3016 16
560 2960 886 3031 μαλαχθεὶς
922 2964 1212 3015 dubitanter
1244 2970 1517 3031 proposuit
1553 2967 1896 3017 Boissonade
2037 2968 2100 3018 1¹7
2140 2958 2398 3031 δορυφό-
2461 2991 2468 2998 ·

457 3049 560 3097 ρον
582 3033 705 3084 VB:
744 3023 1086 3097 δορυφόρων
1120 3035 1171 3082 in
1197 3033 1244 3081 A
1279 3050 1313 3082 a
1348 3041 1643 3084 correctore
1677 3037 1732 3085 in
1769 3026 2097 3099 δορυφόρον
2131 3040 2393 3084 mutatwn·
2410 3045 2416 3051 ·

460 3102 630 3152 delent·
661 3102 817 3166 igitur
851 3100 1144 3152 uocabulum
1174 3100 1405 3163 fortasse
1438 3104 1743 3167 scriptorem
1776 3104 2050 3153 emendans
2161 3103 2226 3152 18
2258 3113 2396 3153 σπε·

458 3227 780 3301 κουλατορα
817 3234 956 3299 (AB)
994 3234 1174 3286 Boiss.
1223 3186 1515 3288 σπεκουῖἷῖ
1548 3240 1598 3288 V
1801 3240 1864 3287 21
1901 3235 2004 3301 τῆς
2040 3234 2143 3288 τοῦ
2180 3233 2402 3299 δεσμοῦ

459 3303 673 3370 σιωπῆς
712 3304 858 3355 ABV
904 3301 1397 3371 (δεσμουσιωπῆς,
1442 3307 1541 3369 V)=
1596 3312 1909 3424 correoezzag
1941 3302 2283 3437 ξὲἐῖιῖῗιειᾱθ
2329 3306 2402 3353 e!

459 3444 540 3500 80,
567 3442 615 3499 4,
651 3447 705 3489 ut
728 3447 806 3490 est
830 3440 882 3489 in
905 3437 980 3491 M.
1018 3439 1223 3490 uidetur
1244 3443 1320 3491 sic
1342 3445 1584 3507 seriptum
1604 3443 1778 3504 fuisse
1801 3436 1905 3505 τῆς
1939 3439 2173 3507 σιωπῆς.
2229 3454 2402 3504 neque

459 3517 622 3559 tamen
646 3510 763 3558 ideo
796 3509 1010 3557 alterum
1029 3522 1130 3571 pro
1152 3512 1328 3573 glossa
1352 3511 1562 3559 alterius
1585 3510 1865 3560 habendum
1888 3524 2000 3560 esse
2024 3510 2211 3570 censui,
2235 3521 2398 3571 prae-

455 3578 629 3626 sertim
664 3593 770 3625 cum
803 3577 857 3625 in
892 3573 950 3623 M
986 3590 1183 3641 quoque
1219 3583 1363 3626 extet
1398 3584 1673 3643 utrumque.
1718 3576 1823 3629 τοῦ
1859 3575 1913 3627 δ.
1953 3592 2047 3629 om.
2085 3577 2135 3626 D
