2563 4087
459 228 545 292 54
1308 233 1370 281 v,
1410 247 1451 282 s.
1488 235 1535 282 2.

461 369 498 438 ὁ
536 374 654 457 τῆς
689 378 990 458 μοιχείας
1028 372 1313 461 ἐργάτης
1350 370 1567 459 αὐτὴν
1620 370 1891 441 ἐκάλεσε
1926 375 2040 442 καὶ
2077 377 2233 460 περὶ
2272 380 2409 443 τοῦ

463 473 717 560 ῥούχου
768 470 1101 561 ἀνηρῶτα.
1189 471 1229 560 ἡ
1277 473 1355 542 δὲ
1404 479 1619 563 γραῦς
1671 473 2008 542 ἀπιδοῦσα
2057 476 2227 564 πρὸς
2278 478 2413 545 τὸν

462 572 681 660 ἄνδρα
716 581 833 661 τῆς
868 575 1192 659 γυναικός
1213 629 1232 662 ,
1292 579 1571 645 ἐποιεῖτο
1607 576 1770 655 τούς
1817 576 2065 661 λόγους
2101 580 2411 663 λέγουσα

462 674 677 767 αὐτῷ·
718 678 1240 763 ,,ἐλευθε’ρωσόν
1289 704 1370 764 με
1418 675 1552 746 ἀπὸ
1589 678 1709 757 τὰς
1762 675 2045 756 ἀδίκους
2093 677 2412 765 ὀχλήσεις

411 806 436 843 5
463 781 584 845 τοῦ
624 774 876 865 ἀνδρὸς
910 781 1129 847 τοῦδε.
1185 781 1301 846 καὶ
1337 780 1468 867 γὰρ
1505 779 1857 866 σκέπασμά
1891 806 1953 846 τι
1988 780 2250 869 ῥούχου
2286 808 2406 868 μοι

467 882 754 965 ἔδωκεν,
807 884 921 947 ἵνα
972 881 1161 968 φέρω
1208 882 1414 949 τοῦτο
1461 881 1632 969 πρός
1681 907 1829 948 τινα
1863 883 2001 948 τῶν
2050 886 2405 969 τεχνιτῶν,

465 987 579 1049 ἳνα
614 980 696 1049 τὰ
748 984 1207 1050 διακαυθέντα
1255 987 1378 1049 τοῦ
1433 983 1690 1070 ρούχου
1737 985 1904 1070 με’ρη
1953 980 2046 1060 ῶς
2095 984 2407 1053 δυνατὸν

462 1080 1163 1174 ’ὑγιᾶχκατασκευάση
1217 1084 1349 1169 ἐγῶ
1385 1086 1495 1169 δέ,
1548 1081 1674 1153 οὐκ
1713 1082 1866 1151 οἶδα
1913 1083 2021 1151 διὰ
2057 1092 2131 1152 τί
2144 1136 2164 1171 ‚
2213 1085 2406 1171 παρὰ

461 1183 584 1271 τὴν
622 1185 746 1272 σὴν
783 1188 1106 1273 εἰσῆλθον
1143 1185 1505 1273 ὁμόζυγον,
1531 1188 1646 1254 καὶ
1677 1188 2019 1264 παντελῶς
2060 1187 2405 1255 ἐπελαθό-

388 1314 438 1352 10
467 1314 645 1374 ,,μην
693 1284 734 1373 ἡ
784 1295 1210 1373 ταλαίπωρος
1260 1290 1396 1355 ποῦ
1443 1284 1520 1355 τὸ
1576 1290 1829 1375 ροῦχον
1865 1276 2097 1356 έέκεῖνο
2133 1286 2394 1375 ἀφῆκα,

466 1384 553 1475 ,,ἢ
593 1391 667 1456 ἐν
701 1395 797 1477 τῷ
848 1391 942 1480 σῷ
978 1390 1183 1479 οἴκῳ,
1220 1385 1260 1475 ἢ
1300 1391 1373 1457 ἐν
1413 1390 1615 1480 ἑτέρῳ
1650 1389 1868 1479 τόπῳ’
1905 1386 2223 1476 οὐδαμῶς
2259 1389 2396 1475 γὰρ

463 1489 810 1576 ,,δυ’ναμαι
860 1492 1331 1577 ἐνθυμηθῆναι
1374 1498 1446 1559 τί
1475 1517 1552 1575 γε
1587 1488 1717 1578 ἄρα
1752 1489 2108 1575 γέγονεν.“
2171 1489 2403 1570 ὀὕτως

459 1597 577 1677 τῆς
612 1590 822 1677 γραὸς
858 1592 1182 1678 εἰπούσης
1216 1597 1312 1682 τῷ
1346 1591 1549 1679 ἀνδρὶ
1583 1596 1705 1677 τῆς
1741 1592 2099 1677 γυναικός,
2140 1595 2399 1672 ἐκεῖνος

461 1691 795 1779 ἀντέφησε
830 1693 1002 1781 πρὸς
1038 1692 1290 1779 αὐτήν·
1333 1692 1554 1781 „omni
1583 1713 1686 1762 σοι
1719 1693 2028 1778 γνωστὸν
2068 1700 2258 1778 ἔστω,
2299 1692 2404 1762 ὅτι

387 1819 436 1857 15
469 1792 607 1880 „617
654 1797 873 1865 ἐκεῖνο
918 1795 996 1863 τό
1038 1800 1319 1863 ἕπιπλον
1367 1795 1619 1882 μεγάλη
1655 1795 1908 1882 ταραχὴ
1960 1798 2034 1862 ἐν
2084 1797 2180 1885 τῷ
2231 1805 2401 1886 οἴκῳ

466 1922 643 1982 ,,μου
697 1895 1017 1982 γε’γονε“·
1081 1898 1197 1964 καὶ
1260 1894 1398 1982 ἅμα
1452 1899 1705 1966 δέδωκε
1756 1897 1869 1964 καὶ
1922 1895 2086 1974 τούς
2141 1896 2269 1965 δύο
2323 1897 2400 1965 τὸ

258 2022 432 2070 p.7013.
466 2004 748 2067 ἔπιπλον
799 1999 1048 2067 ἐκεῖνο·
1105 1999 1220 2066 καὶ
1275 1997 1603 2068 ἀπελθών
1659 2001 1732 2068 ἐν
1785 2001 1879 2089 τῶ
1934 2007 2099 2089 οἴκῳ
2157 1996 2399 2085 αὐτοῦ,

462 2099 625 2186 μετά
688 2104 805 2187 τῆς
867 2101 1193 2186 γυναικὸς
1254 2107 1492 2187 φιλίαν
1557 2104 1858 2189 ἐποίησε·
1928 2102 2043 2168 καὶ
2100 2098 2135 2167 ὁ
2187 2100 2399 2180 τάλας

461 2209 823 2289 χαρίσμασι
858 2203 972 2269 καὶ
1003 2205 1291 2289 δωρεαῖς
1319 2202 1640 2288 μεγάλαις
1668 2199 1887 2288 αὐτὴν
1917 2205 2212 2289 ἐτίμησε,
2242 2203 2395 2271 δεό-

381 2329 432 2367 20
458 2328 656 2390 μενος
694 2309 810 2370 ἵνα
844 2301 981 2389 μετ’
1017 2303 1231 2371 αὐτοῦ
1271 2304 1644 2389 διαλλαγὴν
1679 2305 1793 2371 καὶ
1823 2302 2095 2390 ἀγάπην
2124 2304 2395 2393 ποιήσῃ.

458 2402 500 2492 ἦ
539 2403 615 2472 δὲ
651 2403 843 2491 μόλις
885 2407 1199 2493 ἐποίησεν
1235 2401 1509 2493 ἀγάπην
1544 2404 1685 2491 μετ’
1728 2403 1966 2473 αὐτοῦ.

609 2508 746 2575 Καὶ
794 2509 928 2574 νῦν
976 2515 1270 2591 γίνωσκε
1320 2505 1591 2592 λοιπόν,
1644 2497 1695 2574 ῶ
1744 2510 2063 2592 βασιλεῦ,
2113 2502 2217 2573 ὅτι
2264 2505 2394 2575 οὐκ

456 2613 586 2693 ἔχει
635 2610 825 2686 τέλος
885 2607 926 2695 ἡ
978 2612 1116 2676 τῶν
1166 2611 1469 2695 αἰσχρῶν
1527 2610 1640 2675 καὶ
1703 2609 1992 2694 φαύλων
2046 2613 2397 2692 γυναικῶν

590 2808 622 2852 4
656 2807 805 2853 etiam
830 2796 946 2855 ἀπὸ
973 2821 1080 2856 eum
1106 2821 1214 2857 acc.
1250 2823 1284 2854 a
1308 2806 1669 2855 recentissimis
1702 2806 2023 2869 coniunyitur
2207 2808 2241 2854 5
2276 2818 2400 2855 σκε-

456 2862 717 2935 πάσματι
742 2871 913 2920 ABV:
951 2876 1186 2922 correaez't
1221 2873 1595 2933 Boissonade,
1644 2874 1731 2937 qui
1772 2880 1939 2921 tamen
1976 2872 2141 2921 deleri
2184 2873 2402 2922 malebat

454 2947 665 2989 seruata
702 2954 830 3004 quae
867 2944 919 2988 in
954 2941 1002 2988 A
1037 2948 1114 2989 est
1149 2942 1414 3003 scriptura
1451 2934 1663 3005 ὁοῦχον
1814 2943 1846 2990 6
1885 2933 2063 2989 ἔδωκε
2098 2939 2250 2989 ABV

456 3005 627 3057 τοῦτο
660 3006 739 3053 V:
776 3023 871 3057 om.
912 3006 1052 3071 (AB)
1089 3008 1269 3057 Boiss.
1308 3000 1371 3055 τὸ
1402 3009 1447 3056 D
1554 3011 1586 3058 8
1625 3000 1724 3057 διὰ
1761 3005 1822 3056 τί
1852 3008 2065 3070 scripsi:
2102 3003 2204 3056 καὶ
2242 3006 2404 3057 ABV.

456 3070 557 3123 καὶ
595 3065 704 3138 ἐγώ
739 3070 775 3139 ἡ
803 3073 1161 3139 ταλαίπωρος
1198 3066 1374 3125 οὐδὲν
1410 3067 1635 3140 ἠξεῦρω
1668 3073 1728 3124 τί
1751 3068 1936 3136 ἔκαμα
1960 3071 2157 3124 τοῦτο’
2196 3065 2400 3139 ἐπειδὴ

458 3133 744 3206 ε’διάβησα
789 3138 871 3200 εἰς
917 3143 1083 3193 σπῖτί
1123 3156 1244 3193 σου.
1291 3142 1427 3192 Ven.
1476 3142 1568 3205 (ef.
1616 3141 1722 3206 D).·
1765 3144 1899 3191 unde
1942 3141 2141 3207 aliquid
2180 3144 2402 3205 periisse

456 3209 816 3293 suspicabatur
851 3210 1208 3260 Boissonade.
1242 3212 1341 3260 sed
1372 3217 1428 3260 ut
1451 3217 1626 3261 cetera
1658 3217 1879 3263 taceam,
1916 3210 2071 3259 nihilo
2094 3211 2258 3260 minus
2280 3211 2407 3259 illud

458 3293 560 3328 και
598 3279 918 3352 ,οῆεηᾱενειε
969 3294 1128 3342 quare
1167 3279 1413 3328 inmutauz·
1558 3280 1618 3326 ll
1658 3265 1696 3341 ἢ
1730 3309 1797 3318 --
1832 3266 1891 3355 ἦ]
1932 3272 1986 3328 εἰ
2020 3312 2068 3327 ..
2105 3265 2178 3341 ἢῖ
2343 3280 2404 3328 15

462 3347 682 3411 μεγαλη
732 3342 830 3396 καὶ
876 3362 925 3394 τ.
972 3347 1046 3394 A:
1103 3348 1234 3395 unde
1288 3346 1579 3396 uocabulum
1630 3348 1765 3394 uelut
1818 3358 2089 3410 συγχυσις
2141 3346 2405 3396 eoeeidisse

460 3415 818 3476 suspicabatur
854 3412 1228 3473 Boissonade;
1264 3431 1314 3466 u.
1350 3414 1400 3462 D
1576 3415 1637 3462 16
1683 3407 1783 3462 καὶ
1816 3408 1910 3463 o'm.
1947 3413 2024 3475 D,
2064 3412 2407 3462 Boissonade

461 3481 688 3537 delebat;
743 3482 841 3529 sed
892 3487 1036 3531 arcte
1089 3497 1197 3530 cum
1240 3498 1289 3529 ιι.
1344 3477 1561 3531 δέδωκε
1615 3482 2010 3543 eoniunqendum
2060 3481 2293 3530 uidetur:
2352 3485 2410 3530 et

460 3546 603 3597 dixit
629 3553 684 3597 et.
709 3547 862 3597 dedit
1002 3551 1063 3599 19
1104 3543 1367 3613 μεγάλως
1391 3548 1439 3597 Α
1577 3550 1643 3599 20
1669 3528 1880 3615 ποιήσῃ
1915 3564 2008 3598 om.
2047 3548 2094 3596 A
