2563 4087
387 254 471 319 90
1281 257 1431 310 vm.

390 400 742 485 σοφιστικῇ
784 395 1002 465 αὐτοῦ
1042 395 1367 483 φρονήσει
1401 397 1517 463 καὶ
1554 394 1905 484 ἀποκρίσει
1940 398 2110 484 φησὶ
2146 397 2323 483 πρὸς

389 500 510 568 τὸν
550 506 945 568 Συντίπαν·
986 497 1314 585 ,,ζη’τησον
1351 491 1516 583 ὅπερ
1565 493 1651 565 ἂν
1690 498 1934 586 ἐθέλῃς
1985 499 2171 584 παρὰ
2204 501 2326 583 τῆς

394 604 550 688 ἐμῆς
586 607 933 688 βασιλείας
983 600 1100 667 καὶ
1154 598 1529 684 δοθήσεταί
1572 619 1690 666 σοι.
1766 597 1938 667 ἀλλά
1976 601 2094 667 καὶ
2131 609 2200 668 εἴ
2226 627 2327 679 τις

395 703 587 789 ἑτέρα
624 706 1027 770 διδασκαλία
1073 705 1280 768 τινῶν
1329 699 1649 787 πρόσεστι
1681 700 2130 789 μαθημάτων,
2169 699 2324 788 (τὸν

341 803 551 872 ευίόν
586 802 750 891 μου)
802 801 1224 883 ἐκδίδαξον.“
1306 801 1661 889 ,,γνωστόν
1698 822 1802 870 σοι
1853 808 2057 889 ἔστω,
2108 793 2160 870 ὦ
2196 809 2328 889 βα·-

393 903 652 990 σιλεῦ,“
705 903 741 971 6
793 911 1148 983 Συντίπας
1199 909 1365 990 ἔφη,
1417 901 1559 991 ,,ὦς
1604 905 1719 972 καὶ
1768 903 1898 992 πρὸ
1945 901 2186 989 ὀλίγου
2224 922 2333 970 σοι

395 1005 732 1092 ἐδήλωσα,
786 1003 880 1085 ὥς
916 1004 1122 1073 οὐδὲν
1166 1007 1286 1091 τῆς
1323 1007 1706 1091 σοφιστικῆς
1755 1006 1992 1093 τέχνης
2045 1006 2162 1073 καὶ
2208 1013 2332 1072 λο-

389 1107 692 1194 γιότητος
734 1106 961 1195 ἀφῆκα
1000 1105 1306 1175 καθόλου
1337 1104 1502 1193 ὅπερ
1534 1104 1663 1174 οὐκ
1702 1108 1975 1187 ἐδίδαξα
2011 1106 2136 1173 τὸν
2171 1107 2333 1193 υἱέα

393 1229 558 1296 σου,
612 1207 704 1287 ὥς
740 1210 855 1276 καὶ
903 1208 1213 1293 πάντων,
1248 1211 1489 1295 θαρρῶ
1527 1208 1782 1297 λέγειν,
1829 1211 1968 1275 τῶν
2015 1206 2155 1277 ὑπὸ
2204 1206 2334 1292 τὴν

316 1336 365 1377 10
390 1317 739 1397 βασιλείαν
775 1330 902 1378 σου
956 1309 1351 1396 φιλοσόφων
1401 1315 1465 1378 εί
1510 1308 1601 1397 μὴ
1651 1313 1924 1396 πρῶτον
1972 1308 2122 1377 ἀλλ’
2163 1305 2334 1377 οὐδὲ

391 1411 711 1498 δεύτερον
762 1409 1238 1496 καταστῆσαι.“
1340 1408 1377 1477 6
1430 1410 1507 1479 δὲ
1559 1410 1875 1498 βασιλεὺς
1934 1411 2057 1478 τὸν
2121 1410 2336 1496 λόγον

389 1511 798 1600 ὑπολαβών,
868 1528 1012 1591 τοῖς
1072 1514 1459 1598 μεγιστᾶσιν
1523 1519 1650 1599 ἔφη
1712 1514 1827 1581 καὶ
1899 1510 2333 1600 φιλοσόφοις·

396 1605 576 1701 ,,ἀρά
612 1641 688 1700 γε
721 1617 939 1682 ταῦτα
974 1612 1139 1699 ἡμῖν
1172 1612 1566 1700 φιλαλήθως
1593 1610 1630 1680 6
1663 1621 2018 1693 Συντίπας
2049 1621 2245 1682 λαλεῖ
2257 1611 2330 1694 ;“

393 1723 464 1783 οἳ
495 1715 572 1784 δὲ
608 1714 1077 1801 ἀπεκρίθησαν
1126 1713 1227 1781 ὅτι
1286 1715 1447 1801 ,,καὶ
1495 1715 1678 1802 μα’λα
1726 1714 1942 1783 πολλοὶ
1979 1713 2336 1802 ἀληθεύει,

318 1843 368 1884 15
396 1807 448 1884 ὦ
496 1814 857 1886 δέσποτα.“
929 1817 1045 1883 καὶ
1094 1813 1131 1882 6
1179 1814 1498 1903 βασιλεὺς
1549 1815 1941 1903 ἀναβλέψας
1989 1814 2159 1903 πρὸς
2208 1815 2338 1884 τὸν

191 1918 555 1995 ρ.ιι4Β.υίόν
591 1917 807 1987 αὐτοῦ
846 1919 1051 2002 λέγει·
1094 1918 1229 2003 ,,σ·ὐ
1269 1919 1372 2004 δέ,
1411 1907 1463 1985 ὦ
1493 1918 1630 2003 υἰέ,
1664 1924 1737 1986 τί
1759 1919 2007 2003 λέγειςς
2049 1920 2125 1986 ἐν
2159 1916 2341 2005 ἀλη-

395 2027 553 2110 θείᾳ
583 2021 737 2107 περὶ
766 2021 891 2087 σοῦ
921 2017 957 2088 6
989 2021 1105 2099 σὸς
1133 2018 1538 2109 διδάσκαλος
1572 2017 1841 2108 [καλῶς]
1872 2020 2246 2107 φθέγγεται
2263 2018 2335 2102 ;“

393 2123 506 2190 καὶ
545 2126 618 2190 οἱ
648 2119 1008 2208 φιλόσοφοι
1053 2120 1193 2207 ἅμα
1242 2119 1435 2189 εἶπον
1484 2119 1965 2207 ἀποκριθέντες
2008 2119 2169 2189 ἀντὶ
2206 2126 2336 2190 τοῦ

394 2222 666 2301 παιδός·
723 2220 1036 2309 ,,οὐδει’ς,
1085 2212 1137 2290 ὦ
1173 2225 1491 2309 βασιλεῦ,
1538 2220 1629 2302 ὥς
1675 2221 1712 2291 6
1749 2222 1904 2302 υἱός
1940 2243 2065 2291 σου
2119 2226 2340 2309 ἐστίν,

316 2352 368 2391 20
396 2323 431 2391 6
467 2322 820 2409 ὑπερέχων
854 2328 936 2411 τῇ
974 2327 1114 2390 τῶν
1149 2323 1568 2411 μαθημάτων
1594 2325 1709 2392 καὶ
1744 2328 1884 2392 τῶν
1914 2324 2138 2410 λόγων
2179 2326 2332 2393 ἐπι-

395 2424 608 2512 στήμῃ
629 2479 647 2513 ,
685 2426 1001 2513 ῥητορικῇ
1038 2451 1109 2492 τε
1136 2424 1363 2512 φαμὲν
1389 2424 1504 2514 καὶ
1530 2427 1614 2513 τῇ
1645 2424 1816 2513 ἄλλῃ
1848 2423 2129 2515 σοφίᾳ.“
2178 2424 2341 2494 τότε

392 2527 508 2595 καὶ
546 2524 581 2592 6
620 2540 779 2604 παῖς
816 2528 994 2612 λέγει
1027 2528 1122 2616 τῷ
1162 2534 1374 2613 πατρί
1403 2553 1474 2595 τε
1499 2528 1614 2594 καὶ
1640 2533 1931 2614 βασιλεῖ’·
1976 2534 2340 2612 ,,γνωρίζω

395 2649 519 2697 σου
558 2630 653 2718 τῷ
690 2628 953 2714 κράτει,
991 2618 1043 2695 ὦ
1079 2629 1411 2715 δέσποτα,
1450 2625 1542 2707 ὥς
1580 2629 1700 2696 ἐάν
1734 2654 1831 2707 τις
1866 2631 2006 2695 τῶν
2042 2626 2334 2715 ἀνθρωέ

397 2841 495 2890 quo
545 2827 604 2882 fit
659 2832 713 2873 ut
756 2816 1057 2887 ἀποκρίσει
1101 2826 1327 2887 pendeat
1371 2842 1404 2874 a
1446 2842 1494 2877 u.
1544 2816 1863 2890 ηὐφράνθη
1911 2816 2009 2875 ἐπὶ
2055 2826 2174 2886 (89,
2223 2824 2341 2888 21),

395 2894 613 2956 indeque
658 2907 693 2940 a
725 2908 776 2943 u.
813 2890 920 2941 καί
954 2905 1097 2955 φησι
1142 2907 1321 2941 nouum
1363 2894 1578 2956 incipiat
1621 2894 1953 2942 enuntiatumz
2001 2909 2149 2957 quam
2193 2900 2342 2943 stru-

394 2966 587 3009 cturam
621 2960 794 3022 inepte
831 2951 1110 3024 φρονήσει
1144 2967 1388 3023 repetens
1412 2962 1549 3009 nulla
1572 2962 1636 3009 de
1671 2975 1829 3009 causa
1850 2963 2062 3009 mutauit
2084 2961 2176 3025 qui
2201 2960 2344 3011 hanc

393 3028 738 3076 recensionem
772 3028 992 3089 confecit
1106 3029 1133 3075 l
1172 3024 1270 3076 καὶ
1308 3025 1615 3093 σοφιστικῇ
1653 3042 1748 3077 om.
1786 3028 1831 3074 V
1945 3029 1976 3075 2
2016 3027 2114 3077 Ev.
2154 3026 2341 3079 Marc.

394 3096 443 3154 6,
480 3096 545 3143 22
647 3095 728 3162 :⁴4
763 3087 864 3144 τὸν
900 3085 1033 3145 υΐόν
1068 3108 1181 3157 μου
1216 3095 1399 3145 adieci.
1437 3092 1533 3146 καὶ
1575 3086 1750 3157 τήνδε
1786 3085 1887 3144 τὸν
1923 3085 2056 3166 υἱόν
2090 3109 2205 3158 μου
2243 3086 2344 3147 ἐκ·

397 3158 641 3223 δίδαξον
662 3160 745 3214 Ma
773 3162 840 3223 cf.
863 3162 911 3210 D
1017 3164 1049 3212 5
1074 3176 1162 3225 γν.
1189 3173 1280 3210 σοι
1308 3156 1449 3212 ἔστω
1473 3175 1563 3212 σοι
1585 3163 1632 3213 Α
1736 3165 1767 3213 6
1792 3153 1866 3220 ὡς
1890 3197 1927 3210 ..
1949 3153 2212 3225 ἕδηλωσα
2237 3178 2339 3213 om.

394 3230 453 3278 Μ
467 3248 481 3290 3
519 3229 588 3282 cf.
625 3247 675 3279 n.
713 3231 782 3278 ad
816 3229 900 3288 88,
941 3231 1005 3278 14
1163 3228 1196 3277 8
1235 3223 1336 3278 τὸν
1372 3222 1506 3279 υἱέα
1542 3230 1635 3279 ΑΒ
1672 3222 1773 3280 τὸν
1809 3221 1940 3279 υἴόν
1977 3242 2081 3279 σου
2117 3222 2255 3280 υΐέα
2293 3231 2345 3281 Δ

392 3299 517 3347 uitio
548 3297 827 3362 frequenti.
863 3314 912 3344 n.
945 3297 1012 3348 D.
1050 3288 1151 3346 τόν
1187 3308 1292 3345 σου
1329 3290 1463 3346 υἱέα
1500 3297 1676 3347 Boiss.
1873 3299 1937 3346 10
1972 3286 2136 3360 οὐδὲ]
2178 3288 2253 3348 οὐ
2292 3302 2342 3350 Α

536 3368 593 3413 11
632 3361 992 3426 καταστῆναι
1027 3362 1083 3411 Μ
1118 3366 1337 3420 metius,-
1372 3380 1533 3428 cupra
1568 3365 1652 3425 88,
1691 3366 1757 3415 20
1792 3357 2160 3415 καθεστάναι

397 3435 458 3481 17
495 3429 685 3490 καλῶς
720 3433 905 3481 seclusi
938 3432 1126 3495 quippe
1163 3447 1190 3480 e
1226 3434 1495 3494 pos-tremis
1529 3432 1742 3496 syllabis
1776 3449 1823 3481 u.
1858 3433 2213 3482 antecedentis
2247 3449 2342 3483 or·

396 3507 521 3555 tum,-
557 3515 657 3549 non
683 3505 761 3548 est
782 3500 834 3547 in
859 3499 969 3548 MD
1086 3493 1412 3563 φθέγκεται
1437 3501 1485 3547 V
1599 3502 1665 3549 20
1701 3492 1731 3549 ὁ
1768 3493 2058 3564 ὑπερέχων
2093 3491 2344 3551 πάντων

396 3564 500 3630 τῇῖ
536 3567 606 3628 cf.
643 3582 698 3630 p.
741 3567 854 3627 131,
891 3568 922 3616 3
959 3565 1021 3620 Β.
1160 3567 1221 3615 21
1261 3560 1523 3631 ῤἰτορικῆ
1560 3567 1607 3614 V
1745 3564 2071 3635 φιλοσοφίᾳ
2110 3566 2156 3616 Α
2198 3565 2299 3632 (D)
