<?xml version="1.0" encoding="UTF-8"?>
<!DOCTYPE html PUBLIC "-//W3C//DTD XHTML 1.0 Transitional//EN"
    "http://www.w3.org/TR/xhtml1/DTD/xhtml1-transitional.dtd">
<html xmlns="http://www.w3.org/1999/xhtml" xml:lang="en" lang="en">
 <head>
  <title>
</title>
<meta http-equiv="Content-Type" content="text/html;charset=utf-8" />
  <meta name='ocr-system' content='tesseract 3.04.00' />
  <meta name='ocr-capabilities' content='ocr_page ocr_carea ocr_par ocr_line ocrx_word'/>
</head>
<body>
  <div class='ocr_page' id='page_1' title='image "./fabulaeromanens00aphtgoog_0019.png"; bbox 0 0 2563 4087; ppageno 0'>
   <div class='ocr_carea' id='block_1_1' title="bbox 2121 278 2162 341">
    <p class='ocr_par' dir='ltr' id='par_1_1' title="bbox 2121 278 2162 341">
     <span class='ocr_line' id='line_1_1' title="bbox 2121 278 2162 341; baseline 0 0"><span class='ocrx_word' id='word_1_1' title='bbox 2121 278 2162 341; x_wconf 84' lang='lat'><strong>3</strong></span> 
     </span>
    </p>
   </div>
   <div class='ocr_carea' id='block_1_2' title="bbox 173 412 2158 2441">
    <p class='ocr_par' dir='ltr' id='par_1_2' title="bbox 173 412 2158 2441">
     <span class='ocr_line' id='line_1_2' title="bbox 202 412 2158 506; baseline 0.003 -25"><span class='ocrx_word' id='word_1_2' title='bbox 202 420 485 504; x_wconf 77' lang='grc' dir='ltr'><em>ταμιείῳ</em></span> <span class='ocrx_word' id='word_1_3' title='bbox 508 433 634 482; x_wconf 90' lang='grc' dir='ltr'><em>σου</em></span> <span class='ocrx_word' id='word_1_4' title='bbox 656 413 1254 503; x_wconf 79' lang='grc' dir='ltr'><em>προςκληρούσθω.</em></span> <span class='ocrx_word' id='word_1_5' title='bbox 1278 412 1533 484; x_wconf 73' lang='grc' dir='ltr'><em>ἄτοπον</em></span> <span class='ocrx_word' id='word_1_6' title='bbox 1549 415 1682 505; x_wconf 76' lang='grc' dir='ltr'><em>γὰρ</em></span> <span class='ocrx_word' id='word_1_7' title='bbox 1700 413 1786 484; x_wconf 72' lang='grc' dir='ltr'><em>ἂν</em></span> <span class='ocrx_word' id='word_1_8' title='bbox 1807 427 1908 506; x_wconf 80' lang='grc' dir='ltr'><em>εἴη</em></span> <span class='ocrx_word' id='word_1_9' title='bbox 1928 422 2158 487; x_wconf 79' lang='grc' dir='ltr'><em>τοιοῦ-</em></span> 
     </span>
     <span class='ocr_line' id='line_1_3' title="bbox 205 514 2156 609; baseline 0.004 -27"><span class='ocrx_word' id='word_1_10' title='bbox 205 542 327 583; x_wconf 91' lang='grc' dir='ltr'><em>τον</em></span> <span class='ocrx_word' id='word_1_11' title='bbox 356 514 609 603; x_wconf 78' lang='grc' dir='ltr'><em>εὐτυχῆ</em></span> <span class='ocrx_word' id='word_1_12' title='bbox 636 517 914 604; x_wconf 78' lang='grc' dir='ltr'><em>βασιλέα</em></span> <span class='ocrx_word' id='word_1_13' title='bbox 943 518 1057 584; x_wconf 85' lang='grc' dir='ltr'><em>καὶ</em></span> <span class='ocrx_word' id='word_1_14' title='bbox 1085 517 1406 604; x_wconf 85' lang='grc' dir='ltr'><em>τοιαύτην</em></span> <span class='ocrx_word' id='word_1_15' title='bbox 1439 517 1547 587; x_wconf 83' lang='grc' dir='ltr'><em>ἐπ’</em></span> <span class='ocrx_word' id='word_1_16' title='bbox 1580 516 1766 609; x_wconf 78' lang='grc' dir='ltr'><em>αὐτῷ</em></span> <span class='ocrx_word' id='word_1_17' title='bbox 1800 522 2156 608; x_wconf 79' lang='grc' dir='ltr'><em>ἐπαρχίαν,</em></span> 
     </span>
     <span class='ocr_line' id='line_1_4' title="bbox 202 618 2153 709; baseline 0.003 -24"><span class='ocrx_word' id='word_1_18' title='bbox 202 618 426 705; x_wconf 72' lang='grc' dir='ltr'><em>πάσης</em></span> <span class='ocrx_word' id='word_1_19' title='bbox 475 620 811 697; x_wconf 79' lang='grc' dir='ltr'><em>συνέσεως</em></span> <span class='ocrx_word' id='word_1_20' title='bbox 859 621 1207 706; x_wconf 75' lang='grc' dir='ltr'><em>γέμουσαν</em></span> <span class='ocrx_word' id='word_1_21' title='bbox 1255 621 1368 687; x_wconf 70' lang='grc' dir='ltr'><em>καὶ</em></span> <span class='ocrx_word' id='word_1_22' title='bbox 1406 621 1789 708; x_wconf 77' lang='grc' dir='ltr'><em>νοημάτων,</em></span> <span class='ocrx_word' id='word_1_23' title='bbox 1825 622 1915 709; x_wconf 86' lang='grc' dir='ltr'><em>μὴ</em></span> <span class='ocrx_word' id='word_1_24' title='bbox 1953 623 2153 708; x_wconf 88' lang='grc' dir='ltr'><em>φιλό-</em></span> 
     </span>
     <span class='ocr_line' id='line_1_5' title="bbox 199 717 2152 814; baseline 0.002 -25"><span class='ocrx_word' id='word_1_25' title='bbox 199 740 425 807; x_wconf 91' lang='grc' dir='ltr'><em>σοφον</em></span> <span class='ocrx_word' id='word_1_26' title='bbox 453 717 675 809; x_wconf 81' lang='grc' dir='ltr'><em>(νέον)</em></span> <span class='ocrx_word' id='word_1_27' title='bbox 703 723 981 807; x_wconf 81' lang='grc' dir='ltr'><em>βασιλέα</em></span> <span class='ocrx_word' id='word_1_28' title='bbox 1008 725 1394 808; x_wconf 80' lang='grc' dir='ltr'><em>κεκτῆσθαι,</em></span> <span class='ocrx_word' id='word_1_29' title='bbox 1423 720 1573 790; x_wconf 79' lang='grc' dir='ltr'><em>ἀλλ’</em></span> <span class='ocrx_word' id='word_1_30' title='bbox 1598 721 1763 791; x_wconf 75' lang='grc' dir='ltr'><em>οὐδὲ</em></span> <span class='ocrx_word' id='word_1_31' title='bbox 1790 725 1913 810; x_wconf 86' lang='grc' dir='ltr'><em>τὴν</em></span> <span class='ocrx_word' id='word_1_32' title='bbox 1938 732 2152 814; x_wconf 87' lang='grc' dir='ltr'><em>ἰατρι-</em></span> 
     </span>
     <span class='ocr_line' id='line_1_6' title="bbox 197 822 2146 914; baseline 0.003 -25"><span class='ocrx_word' id='word_1_33' title='bbox 197 823 333 910; x_wconf 79' lang='grc' dir='ltr'><em>κὴν</em></span> <span class='ocrx_word' id='word_1_34' title='bbox 373 822 742 910; x_wconf 81' lang='grc' dir='ltr'><em>ἐπιστήμην</em></span> <span class='ocrx_word' id='word_1_35' title='bbox 777 822 868 910; x_wconf 86' lang='grc' dir='ltr'><em>μὴ</em></span> <span class='ocrx_word' id='word_1_36' title='bbox 904 822 1153 891; x_wconf 81' lang='grc' dir='ltr'><em>εἰδότα.</em></span> <span class='ocrx_word' id='word_1_37' title='bbox 1212 829 1276 891; x_wconf 90' lang='grc' dir='ltr'><em>εί</em></span> <span class='ocrx_word' id='word_1_38' title='bbox 1308 822 1440 912; x_wconf 73' lang='grc' dir='ltr'><em>γὰρ</em></span> <span class='ocrx_word' id='word_1_39' title='bbox 1476 824 1567 912; x_wconf 87' lang='grc' dir='ltr'><em>μὴ</em></span> <span class='ocrx_word' id='word_1_40' title='bbox 1602 825 1915 894; x_wconf 88' lang='grc' dir='ltr'><em>τοιούτου</em></span> <span class='ocrx_word' id='word_1_41' title='bbox 1952 833 2146 914; x_wconf 82' lang='grc' dir='ltr'><em>βασι·</em></span> 
     </span>
     <span class='ocr_line' id='line_1_7' title="bbox 194 924 2147 1020; baseline 0.003 -29"><span class='ocrx_word' id='word_1_42' title='bbox 194 927 372 1004; x_wconf 85' lang='grc' dir='ltr'><em>λέως</em></span> <span class='ocrx_word' id='word_1_43' title='bbox 433 926 946 1003; x_wconf 82' lang='grc' dir='ltr'><em>ἐπιστατοῦντος</em></span> <span class='ocrx_word' id='word_1_44' title='bbox 1007 940 1152 1004; x_wconf 85' lang='grc' dir='ltr'><em>τοῖς</em></span> <span class='ocrx_word' id='word_1_45' title='bbox 1201 924 1716 1013; x_wconf 81' lang='grc' dir='ltr'><em>πράγμασιν.ἐν</em></span> <span class='ocrx_word' id='word_1_46' title='bbox 1768 929 2005 1020; x_wconf 84' lang='grc' dir='ltr'><em>ἐκείνῳ</em></span> <span class='ocrx_word' id='word_1_47' title='bbox 2052 932 2147 1019; x_wconf 78' lang='grc' dir='ltr'><em>τῷ</em></span> 
     </span>
     <span class='ocr_line' id='line_1_8' title="bbox 189 1023 2149 1120; baseline 0.002 -26"><span class='ocrx_word' id='word_1_48' title='bbox 189 1026 394 1117; x_wconf 89' lang='grc' dir='ltr'><em>τόπῳ</em></span> <span class='ocrx_word' id='word_1_49' title='bbox 413 1079 433 1113; x_wconf 97' lang='grc'><em>,</em></span> <span class='ocrx_word' id='word_1_50' title='bbox 472 1023 554 1094; x_wconf 77' lang='grc' dir='ltr'><em>οὐ</em></span> <span class='ocrx_word' id='word_1_51' title='bbox 584 1032 693 1094; x_wconf 89' lang='grc' dir='ltr'><em>δεῖ</em></span> <span class='ocrx_word' id='word_1_52' title='bbox 714 1053 866 1095; x_wconf 87' lang='grc' dir='ltr'><em>τινα</em></span> <span class='ocrx_word' id='word_1_53' title='bbox 890 1030 1030 1093; x_wconf 75' lang='grc' dir='ltr'><em>τῶν</em></span> <span class='ocrx_word' id='word_1_54' title='bbox 1058 1024 1384 1094; x_wconf 70' lang='grc' dir='ltr'><em>ἁπάντων</em></span> <span class='ocrx_word' id='word_1_55' title='bbox 1410 1033 1778 1117; x_wconf 76' lang='grc' dir='ltr'><em>διατρίβειν</em></span> <span class='ocrx_word' id='word_1_56' title='bbox 1809 1033 1881 1098; x_wconf 88' lang='grc' dir='ltr'><em>ἐν</em></span> <span class='ocrx_word' id='word_1_57' title='bbox 1913 1033 2149 1120; x_wconf 86' lang='grc' dir='ltr'><em>ἐκείνῳ</em></span> 
     </span>
     <span class='ocr_line' id='line_1_9' title="bbox 189 1128 2148 1220; baseline 0.002 -24"><span class='ocrx_word' id='word_1_58' title='bbox 189 1132 294 1219; x_wconf 74' lang='grc' dir='ltr'><em>τῷ</em></span> <span class='ocrx_word' id='word_1_59' title='bbox 331 1129 542 1219; x_wconf 88' lang='grc' dir='ltr'><em>τόπῳ.</em></span> <span class='ocrx_word' id='word_1_60' title='bbox 614 1134 872 1216; x_wconf 78' lang='grc' dir='ltr'><em>ἔμαθον</em></span> <span class='ocrx_word' id='word_1_61' title='bbox 919 1128 1090 1217; x_wconf 77' lang='grc' dir='ltr'><em>γὰρ,</em></span> <span class='ocrx_word' id='word_1_62' title='bbox 1149 1135 1409 1216; x_wconf 79' lang='grc' dir='ltr'><em>ἔμαθον</em></span> <span class='ocrx_word' id='word_1_63' title='bbox 1460 1129 1551 1209; x_wconf 71' lang='grc' dir='ltr'><em>ὥς</em></span> <span class='ocrx_word' id='word_1_64' title='bbox 1602 1128 1812 1198; x_wconf 78' lang='grc' dir='ltr'><em>ου’δὲν</em></span> <span class='ocrx_word' id='word_1_65' title='bbox 1853 1137 1924 1199; x_wconf 78' lang='lat' dir='ltr'><em>oc</em></span> <span class='ocrx_word' id='word_1_66' title='bbox 1952 1141 2148 1220; x_wconf 89' lang='grc' dir='ltr'><em>βασι-</em></span> 
     </span>
     <span class='ocr_line' id='line_1_10' title="bbox 189 1220 2145 1322; baseline 0.002 -24"><span class='ocrx_word' id='word_1_67' title='bbox 189 1230 522 1310; x_wconf 87' lang='grc' dir='ltr'><em>λεύοντες</em></span> <span class='ocrx_word' id='word_1_68' title='bbox 557 1234 651 1320; x_wconf 79' lang='grc' dir='ltr'><em>τῷ</em></span> <span class='ocrx_word' id='word_1_69' title='bbox 677 1232 884 1322; x_wconf 78' lang='grc' dir='ltr'><em>θυμῷ</em></span> <span class='ocrx_word' id='word_1_70' title='bbox 914 1220 1039 1305; x_wconf 80' lang='grc' dir='ltr'><em>τοῦ</em></span> <span class='ocrx_word' id='word_1_71' title='bbox 1069 1232 1436 1299; x_wconf 79' lang='grc' dir='ltr'><em>καυστικοῦ</em></span> <span class='ocrx_word' id='word_1_72' title='bbox 1468 1232 1685 1319; x_wconf 83' lang='grc' dir='ltr'><em>πυρὸς</em></span> <span class='ocrx_word' id='word_1_73' title='bbox 1716 1235 2145 1319; x_wconf 76' lang='grc' dir='ltr'><em>διαφέρουσι·</em></span> 
     </span>
     <span class='ocr_line' id='line_1_11' title="bbox 187 1331 2146 1427; baseline 0.003 -28"><span class='ocrx_word' id='word_1_74' title='bbox 187 1334 309 1400; x_wconf 79' lang='grc' dir='ltr'><em>καὶ</em></span> <span class='ocrx_word' id='word_1_75' title='bbox 354 1335 467 1400; x_wconf 88' lang='grc' dir='ltr'><em>δεῖ</em></span> <span class='ocrx_word' id='word_1_76' title='bbox 496 1359 574 1418; x_wconf 90' lang='grc' dir='ltr'><em>γε</em></span> <span class='ocrx_word' id='word_1_77' title='bbox 606 1333 895 1412; x_wconf 81' lang='grc' dir='ltr'><em>τούτους</em></span> <span class='ocrx_word' id='word_1_78' title='bbox 931 1334 1046 1400; x_wconf 81' lang='grc' dir='ltr'><em>καὶ</em></span> <span class='ocrx_word' id='word_1_79' title='bbox 1075 1332 1499 1420; x_wconf 82' lang='grc' dir='ltr'><em>φιλοσόφους</em></span> <span class='ocrx_word' id='word_1_80' title='bbox 1528 1332 1697 1427; x_wconf 85' lang='grc' dir='ltr'><em>εἶναι</em></span> <span class='ocrx_word' id='word_1_81' title='bbox 1728 1331 1890 1402; x_wconf 80' lang='grc' dir='ltr'><em>ὅσον</em></span> <span class='ocrx_word' id='word_1_82' title='bbox 1928 1340 2146 1404; x_wconf 76' lang='grc' dir='ltr'><em>δυνα·</em></span> 
     </span>
     <span class='ocr_line' id='line_1_12' title="bbox 186 1432 2149 1524; baseline 0.002 -23"><span class='ocrx_word' id='word_1_83' title='bbox 186 1434 343 1521; x_wconf 91' lang='grc' dir='ltr'><em>τόν,</em></span> <span class='ocrx_word' id='word_1_84' title='bbox 383 1435 502 1501; x_wconf 82' lang='grc' dir='ltr'><em>καὶ</em></span> <span class='ocrx_word' id='word_1_85' title='bbox 540 1433 963 1522; x_wconf 81' lang='grc' dir='ltr'><em>φιλοσόφους</em></span> <span class='ocrx_word' id='word_1_86' title='bbox 991 1432 1248 1523; x_wconf 69' lang='grc' dir='ltr'><em>ἄνδρας</em></span> <span class='ocrx_word' id='word_1_87' title='bbox 1277 1443 1713 1524; x_wconf 83' lang='grc' dir='ltr'><em>προσομιλεῖν</em></span> <span class='ocrx_word' id='word_1_88' title='bbox 1741 1438 1854 1505; x_wconf 84' lang='grc' dir='ltr'><em>καὶ</em></span> <span class='ocrx_word' id='word_1_89' title='bbox 1882 1437 2149 1507; x_wconf 88' lang='grc' dir='ltr'><em>τούτων</em></span> 
     </span>
     <span class='ocr_line' id='line_1_13' title="bbox 188 1533 2147 1627; baseline 0.003 -24"><span class='ocrx_word' id='word_1_90' title='bbox 188 1536 503 1624; x_wconf 74' lang='grc' dir='ltr'><em>ἀκούειν,</em></span> <span class='ocrx_word' id='word_1_91' title='bbox 533 1533 755 1625; x_wconf 76' lang='grc' dir='ltr'><em>ὥσπερ</em></span> <span class='ocrx_word' id='word_1_92' title='bbox 779 1534 1245 1626; x_wconf 77' lang='grc' dir='ltr'><em>Ἀλέξανδρος,</em></span> <span class='ocrx_word' id='word_1_93' title='bbox 1280 1542 1396 1605; x_wconf 80' lang='grc' dir='ltr'><em>ἵνα</em></span> <span class='ocrx_word' id='word_1_94' title='bbox 1423 1537 1515 1625; x_wconf 84' lang='grc' dir='ltr'><em>μή</em></span> <span class='ocrx_word' id='word_1_95' title='bbox 1539 1540 1744 1606; x_wconf 84' lang='grc' dir='ltr'><em>τινων</em></span> <span class='ocrx_word' id='word_1_96' title='bbox 1770 1536 2147 1627; x_wconf 76' lang='grc' dir='ltr'><em>ὑποβολαῖς</em></span> 
     </span>
     <span class='ocr_line' id='line_1_14' title="bbox 189 1635 2148 1728; baseline 0.002 -22"><span class='ocrx_word' id='word_1_97' title='bbox 189 1640 357 1728; x_wconf 82' lang='grc' dir='ltr'><em>περὶ</em></span> <span class='ocrx_word' id='word_1_98' title='bbox 391 1635 474 1706; x_wconf 85' lang='grc' dir='ltr'>τὸ</span> <span class='ocrx_word' id='word_1_99' title='bbox 500 1636 811 1725; x_wconf 73' lang='grc' dir='ltr'><em>ὑπήκοον</em></span> <span class='ocrx_word' id='word_1_100' title='bbox 853 1638 1178 1727; x_wconf 73' lang='grc' dir='ltr'><em>ὠμότεροι</em></span> <span class='ocrx_word' id='word_1_101' title='bbox 1213 1643 1352 1706; x_wconf 79' lang='grc' dir='ltr'><em>τῶν</em></span> <span class='ocrx_word' id='word_1_102' title='bbox 1393 1643 1684 1708; x_wconf 76' lang='grc' dir='ltr'><em>ἰδιωτῶν</em></span> <span class='ocrx_word' id='word_1_103' title='bbox 1722 1639 2148 1727; x_wconf 77' lang='grc' dir='ltr'><em>ἀναδειχθιό-</em></span> 
     </span>
     <span class='ocr_line' id='line_1_15' title="bbox 186 1730 2146 1831; baseline 0.002 -22"><span class='ocrx_word' id='word_1_104' title='bbox 186 1761 320 1809; x_wconf 90' lang='grc' dir='ltr'><em>σιν.</em></span> <span class='ocrx_word' id='word_1_105' title='bbox 382 1746 450 1809; x_wconf 84' lang='grc' dir='ltr'><em>εί</em></span> <span class='ocrx_word' id='word_1_106' title='bbox 481 1748 748 1828; x_wconf 90' lang='grc' dir='ltr'><em>τοίνυν,</em></span> <span class='ocrx_word' id='word_1_107' title='bbox 786 1730 838 1808; x_wconf 75' lang='grc' dir='ltr'><em>ὦ</em></span> <span class='ocrx_word' id='word_1_108' title='bbox 873 1744 1179 1828; x_wconf 84' lang='grc' dir='ltr'><em>βασιλεῦ,</em></span> <span class='ocrx_word' id='word_1_109' title='bbox 1215 1741 1449 1821; x_wconf 75' lang='grc' dir='ltr'><em>καθώς</em></span> <span class='ocrx_word' id='word_1_110' title='bbox 1486 1762 1590 1810; x_wconf 91' lang='grc' dir='ltr'><em>σοι</em></span> <span class='ocrx_word' id='word_1_111' title='bbox 1628 1745 2146 1831; x_wconf 80' lang='grc' dir='ltr'><em>ἐπαγγέλλομαι,</em></span> 
     </span>
     <span class='ocr_line' id='line_1_16' title="bbox 182 1841 2144 1933; baseline 0.002 -22"><span class='ocrx_word' id='word_1_112' title='bbox 182 1844 455 1911; x_wconf 81' lang='grc' dir='ltr'><em>τέλειον</em></span> <span class='ocrx_word' id='word_1_113' title='bbox 489 1841 610 1910; x_wconf 84' lang='grc' dir='ltr'><em>τὸν</em></span> <span class='ocrx_word' id='word_1_114' title='bbox 644 1842 812 1929; x_wconf 44' lang='grc' dir='ltr'><em>υίόν,</em></span> <span class='ocrx_word' id='word_1_115' title='bbox 842 1862 967 1911; x_wconf 91' lang='grc' dir='ltr'><em>σου</em></span> <span class='ocrx_word' id='word_1_116' title='bbox 1008 1841 1541 1930; x_wconf 79' lang='grc' dir='ltr'><em>ἄποκαταστήσω</em></span> <span class='ocrx_word' id='word_1_117' title='bbox 1579 1844 1994 1933; x_wconf 90' lang='grc' dir='ltr'><em>φιλόσοφον,</em></span> <span class='ocrx_word' id='word_1_118' title='bbox 2030 1849 2144 1915; x_wconf 83' lang='grc' dir='ltr'><em>καὶ</em></span> 
     </span>
     <span class='ocr_line' id='line_1_17' title="bbox 180 1944 2147 2036; baseline 0.002 -23"><span class='ocrx_word' id='word_1_119' title='bbox 180 1947 315 2031; x_wconf 86' lang='grc' dir='ltr'><em>τὴν</em></span> <span class='ocrx_word' id='word_1_120' title='bbox 355 1945 488 2031; x_wconf 88' lang='grc' dir='ltr'><em>σὴν</em></span> <span class='ocrx_word' id='word_1_121' title='bbox 515 1951 863 2031; x_wconf 88' lang='grc' dir='ltr'><em>βασιλειάν</em></span> <span class='ocrx_word' id='word_1_122' title='bbox 894 1944 1271 2030; x_wconf 76' lang='grc' dir='ltr'><em>ἐπάναγκες</em></span> <span class='ocrx_word' id='word_1_123' title='bbox 1301 1946 1868 2033; x_wconf 83' lang='grc' dir='ltr'><em>φιλοτιμήσασθαι</em></span> <span class='ocrx_word' id='word_1_124' title='bbox 1898 1947 2000 2014; x_wconf 82' lang='grc' dir='ltr'><em>ἐπ’</em></span> <span class='ocrx_word' id='word_1_125' title='bbox 2033 1948 2147 2036; x_wconf 74' lang='grc' dir='ltr'><em>ἐμὲ</em></span> 
     </span>
     <span class='ocr_line' id='line_1_18' title="bbox 182 2046 2145 2138; baseline 0 -22"><span class='ocrx_word' id='word_1_126' title='bbox 182 2054 570 2136; x_wconf 82' lang='grc' dir='ltr'><em>φιλοτίμως</em></span> <span class='ocrx_word' id='word_1_127' title='bbox 606 2049 718 2115; x_wconf 83' lang='grc' dir='ltr'><em>καὶ</em></span> <span class='ocrx_word' id='word_1_128' title='bbox 754 2046 1186 2135; x_wconf 79' lang='grc' dir='ltr'><em>βασιλικῶς.“</em></span> <span class='ocrx_word' id='word_1_129' title='bbox 1263 2046 1299 2114; x_wconf 89' lang='grc' dir='ltr'>ὁ</span> <span class='ocrx_word' id='word_1_130' title='bbox 1340 2047 1416 2115; x_wconf 74' lang='grc' dir='ltr'><em>δὲ</em></span> <span class='ocrx_word' id='word_1_131' title='bbox 1451 2048 1768 2135; x_wconf 73' lang='grc' dir='ltr'><em>βασιλεὺς</em></span> <span class='ocrx_word' id='word_1_132' title='bbox 1810 2054 1936 2136; x_wconf 83' lang='grc' dir='ltr'><em>ἔφη</em></span> <span class='ocrx_word' id='word_1_133' title='bbox 1975 2050 2145 2138; x_wconf 89' lang='grc' dir='ltr'><em>πρὸς</em></span> 
     </span>
     <span class='ocr_line' id='line_1_19' title="bbox 177 2139 2143 2240; baseline 0.001 -22"><span class='ocrx_word' id='word_1_134' title='bbox 177 2153 440 2218; x_wconf 82' lang='grc' dir='ltr'><em>ταῦτα·</em></span> <span class='ocrx_word' id='word_1_135' title='bbox 484 2145 746 2236; x_wconf 73' lang='grc' dir='ltr'><em>,,ὅτι.ἂν</em></span> <span class='ocrx_word' id='word_1_136' title='bbox 767 2139 811 2238; x_wconf 78' lang='grc' dir='ltr'><em>ᾗ</em></span> <span class='ocrx_word' id='word_1_137' title='bbox 833 2169 938 2218; x_wconf 92' lang='grc' dir='ltr'><em>σοι</em></span> <span class='ocrx_word' id='word_1_138' title='bbox 964 2148 1040 2217; x_wconf 86' lang='grc' dir='ltr'><em>τὸ</em></span> <span class='ocrx_word' id='word_1_139' title='bbox 1071 2149 1533 2237; x_wconf 80' lang='grc' dir='ltr'><em>ποθούμενον,</em></span> <span class='ocrx_word' id='word_1_140' title='bbox 1552 2151 1666 2217; x_wconf 83' lang='grc' dir='ltr'><em>καὶ</em></span> <span class='ocrx_word' id='word_1_141' title='bbox 1697 2160 1883 2238; x_wconf 79' lang='grc' dir='ltr'><em>εἴπερ</em></span> <span class='ocrx_word' id='word_1_142' title='bbox 1912 2149 2143 2240; x_wconf 76' lang='grc' dir='ltr'><em>ύποέρ-</em></span> 
     </span>
     <span class='ocr_line' id='line_1_20' title="bbox 176 2250 2145 2340; baseline 0 -20"><span class='ocrx_word' id='word_1_143' title='bbox 176 2279 283 2339; x_wconf 83' lang='grc' dir='ltr'><em>χει</em></span> <span class='ocrx_word' id='word_1_144' title='bbox 318 2278 439 2339; x_wconf 85' lang='grc' dir='ltr'><em>μοι</em></span> <span class='ocrx_word' id='word_1_145' title='bbox 475 2250 737 2340; x_wconf 75' lang='grc' dir='ltr'><em>ῥᾴδιον,</em></span> <span class='ocrx_word' id='word_1_146' title='bbox 764 2252 974 2320; x_wconf 87' lang='grc' dir='ltr'><em>τοῦτό</em></span> <span class='ocrx_word' id='word_1_147' title='bbox 1010 2271 1115 2320; x_wconf 89' lang='grc' dir='ltr'><em>σοι</em></span> <span class='ocrx_word' id='word_1_148' title='bbox 1152 2252 1380 2320; x_wconf 78' lang='grc' dir='ltr'><em>δώσω·</em></span> <span class='ocrx_word' id='word_1_149' title='bbox 1420 2258 1483 2320; x_wconf 84' lang='grc' dir='ltr'><em>εί</em></span> <span class='ocrx_word' id='word_1_150' title='bbox 1517 2251 1594 2319; x_wconf 76' lang='grc' dir='ltr'><em>δὲ</em></span> <span class='ocrx_word' id='word_1_151' title='bbox 1627 2251 1978 2321; x_wconf 77' lang='grc' dir='ltr'><em>ἀδύνατόν</em></span> <span class='ocrx_word' id='word_1_152' title='bbox 2010 2257 2145 2323; x_wconf 91' lang='grc' dir='ltr'><em>ἐστι</em></span> 
     </span>
     <span class='ocr_line' id='line_1_21' title="bbox 173 2351 2141 2441; baseline 0.001 -19"><span class='ocrx_word' id='word_1_153' title='bbox 173 2354 261 2424; x_wconf 82' lang='grc' dir='ltr'><em>τὸ</em></span> <span class='ocrx_word' id='word_1_154' title='bbox 298 2351 756 2441; x_wconf 82' lang='grc' dir='ltr'><em>ζητούμενον,</em></span> <span class='ocrx_word' id='word_1_155' title='bbox 806 2351 934 2428; x_wconf 74' lang='grc' dir='ltr'><em>οὐκ</em></span> <span class='ocrx_word' id='word_1_156' title='bbox 974 2360 1102 2439; x_wconf 82' lang='grc' dir='ltr'><em>ἔχω</em></span> <span class='ocrx_word' id='word_1_157' title='bbox 1141 2373 1244 2422; x_wconf 92' lang='grc' dir='ltr'><em>σοι</em></span> <span class='ocrx_word' id='word_1_158' title='bbox 1279 2353 1593 2423; x_wconf 77' lang='grc' dir='ltr'><em>δοῦναι.“</em></span> <span class='ocrx_word' id='word_1_159' title='bbox 1686 2353 1721 2422; x_wconf 85' lang='grc' dir='ltr'>ὁ</span> <span class='ocrx_word' id='word_1_160' title='bbox 1765 2354 1840 2424; x_wconf 74' lang='grc' dir='ltr'><em>δὲ</em></span> <span class='ocrx_word' id='word_1_161' title='bbox 1880 2364 2141 2425; x_wconf 85' lang='grc' dir='ltr'><em>Συντί-</em></span> 
     </span>
    </p>
   </div>
   <div class='ocr_carea' id='block_1_3' title="bbox 151 2585 2142 3672">
    <p class='ocr_par' dir='ltr' id='par_1_3' title="bbox 151 2585 2142 3672">
     <span class='ocr_line' id='line_1_22' title="bbox 323 2585 2142 2651; baseline 0.001 -16"><span class='ocrx_word' id='word_1_162' title='bbox 323 2589 354 2635; x_wconf 94' lang='grc'><strong>1</strong></span> <span class='ocrx_word' id='word_1_163' title='bbox 399 2585 642 2648; x_wconf 82' lang='grc' dir='ltr'><em>ταμιείω</em></span> <span class='ocrx_word' id='word_1_164' title='bbox 675 2585 751 2636; x_wconf 82' lang='lat' dir='ltr'><em>V:</em></span> <span class='ocrx_word' id='word_1_165' title='bbox 797 2585 1040 2650; x_wconf 86' lang='grc' dir='ltr'><em>ταμιείω</em></span> <span class='ocrx_word' id='word_1_166' title='bbox 1077 2586 1122 2635; x_wconf 96' lang='grc' dir='ltr'>Β</span> <span class='ocrx_word' id='word_1_167' title='bbox 1158 2588 1340 2650; x_wconf 82' lang='lat' dir='ltr'><strong><em>priore</em></strong></span> <span class='ocrx_word' id='word_1_168' title='bbox 1376 2592 1410 2637; x_wconf 85' lang='lat' dir='ltr'><em>I.</em></span> <span class='ocrx_word' id='word_1_169' title='bbox 1450 2604 1468 2635; x_wconf 92' lang='grc' dir='ltr'><em>ι</em></span> <span class='ocrx_word' id='word_1_170' title='bbox 1507 2589 1705 2642; x_wconf 82' lang='lat' dir='ltr'><em>deleta,-</em></span> <span class='ocrx_word' id='word_1_171' title='bbox 1740 2586 2142 2651; x_wconf 83' lang='grc' dir='ltr'><em>παλαταμιείω</em></span> 
     </span>
     <span class='ocr_line' id='line_1_23' title="bbox 169 2643 2142 2719; baseline -0.001 -14"><span class='ocrx_word' id='word_1_172' title='bbox 169 2653 252 2705; x_wconf 80' lang='lat' dir='ltr'><em>A:</em></span> <span class='ocrx_word' id='word_1_173' title='bbox 297 2654 513 2704; x_wconf 78' lang='lat' dir='ltr'><strong><em>uolebat</em></strong></span> <span class='ocrx_word' id='word_1_174' title='bbox 545 2653 1041 2718; x_wconf 82' lang='grc' dir='ltr'><em>παλατιοταμιείῳ</em></span> <span class='ocrx_word' id='word_1_175' title='bbox 1182 2653 1452 2705; x_wconf 84' lang='grc' dir='ltr'><em>τοιοῦτον</em></span> <span class='ocrx_word' id='word_1_176' title='bbox 1500 2643 1737 2719; x_wconf 81' lang='grc' dir='ltr'><em>ευτυχῆ]</em></span> <span class='ocrx_word' id='word_1_177' title='bbox 1775 2654 1891 2703; x_wconf 81' lang='lat' dir='ltr'><strong><em>uide</em></strong></span> <span class='ocrx_word' id='word_1_178' title='bbox 1926 2656 2142 2705; x_wconf 83' lang='lat' dir='ltr'><strong><em>indicem</em></strong></span> 
     </span>
     <span class='ocr_line' id='line_1_24' title="bbox 318 2717 2141 2785; baseline 0.001 -13"><span class='ocrx_word' id='word_1_179' title='bbox 318 2725 359 2772; x_wconf 87' lang='lat'>4</span> <span class='ocrx_word' id='word_1_180' title='bbox 410 2717 546 2773; x_wconf 80' lang='grc' dir='ltr'><em>νέον</em></span> <span class='ocrx_word' id='word_1_181' title='bbox 592 2722 785 2777; x_wconf 81' lang='lat' dir='ltr'><strong><em>adieei‚·</em></strong></span> <span class='ocrx_word' id='word_1_182' title='bbox 829 2722 897 2783; x_wconf 60' lang='grc' dir='ltr'><em>(γ’.</em></span> <span class='ocrx_word' id='word_1_183' title='bbox 937 2723 996 2783; x_wconf 85' lang='grc'><em>7,</em></span> <span class='ocrx_word' id='word_1_184' title='bbox 1038 2724 1119 2772; x_wconf 90' lang='grc'><em>11.</em></span> <span class='ocrx_word' id='word_1_185' title='bbox 1158 2722 1239 2782; x_wconf 86' lang='grc'><em>(5,</em></span> <span class='ocrx_word' id='word_1_186' title='bbox 1278 2720 1331 2785; x_wconf 88' lang='grc'><em>3)</em></span> <span class='ocrx_word' id='word_1_187' title='bbox 1379 2725 1472 2783; x_wconf 87' lang='grc'><em>49,</em></span> <span class='ocrx_word' id='word_1_188' title='bbox 1513 2723 1543 2769; x_wconf 88' lang='grc'><strong>6</strong></span> <span class='ocrx_word' id='word_1_189' title='bbox 1579 2721 1642 2777; x_wconf 91' lang='grc' dir='ltr'>Β</span> <span class='ocrx_word' id='word_1_190' title='bbox 1717 2723 1814 2771; x_wconf 80' lang='lat' dir='ltr'><em>sed</em></span> <span class='ocrx_word' id='word_1_191' title='bbox 1855 2725 2026 2773; x_wconf 74' lang='lat' dir='ltr'><strong><em>neseio</em></strong></span> <span class='ocrx_word' id='word_1_192' title='bbox 2072 2739 2141 2773; x_wconf 83' lang='lat' dir='ltr'><em>an</em></span> 
     </span>
     <span class='ocr_line' id='line_1_25' title="bbox 163 2760 2139 2875; baseline -0.001 -35"><span class='ocrx_word' id='word_1_193' title='bbox 163 2793 337 2875; x_wconf 81' lang='lat' dir='ltr'><strong><em>plura</em></strong></span> <span class='ocrx_word' id='word_1_194' title='bbox 374 2789 542 2839; x_wconf 85' lang='lat' dir='ltr'><strong><em>uerba</em></strong></span> <span class='ocrx_word' id='word_1_195' title='bbox 576 2791 726 2839; x_wconf 73' lang='lat' dir='ltr'><strong><em>etiam</em></strong></span> <span class='ocrx_word' id='word_1_196' title='bbox 766 2795 893 2853; x_wconf 78' lang='lat' dir='ltr'><strong><em>post</em></strong></span> <span class='ocrx_word' id='word_1_197' title='bbox 927 2760 1170 2854; x_wconf 83' lang='grc' dir='ltr'><em>βασιλέα</em></span> <span class='ocrx_word' id='word_1_198' title='bbox 1207 2791 1238 2837; x_wconf 82' lang='grc'>2</span> <span class='ocrx_word' id='word_1_199' title='bbox 1287 2791 1603 2866; x_wconf 75' lang='lat' dir='ltr'><strong><em>exciderint,</em></strong></span> <span class='ocrx_word' id='word_1_200' title='bbox 1649 2794 1785 2840; x_wconf 78' lang='lat' dir='ltr'><strong><em>uelut</em></strong></span> <span class='ocrx_word' id='word_1_201' title='bbox 1820 2781 1898 2865; x_wconf 79' lang='grc' dir='ltr'><em>μὴ</em></span> <span class='ocrx_word' id='word_1_202' title='bbox 1939 2785 2139 2855; x_wconf 78' lang='grc' dir='ltr'><em>(ἔχειν)</em></span> 
     </span>
     <span class='ocr_line' id='line_1_26' title="bbox 168 2848 2138 2942; baseline -0.001 -32"><span class='ocrx_word' id='word_1_203' title='bbox 168 2850 319 2910; x_wconf 77' lang='grc' dir='ltr'><em>υἱὸν</em></span> <span class='ocrx_word' id='word_1_204' title='bbox 360 2850 569 2921; x_wconf 86' lang='grc' dir='ltr'><em>σοφόν.</em></span> <span class='ocrx_word' id='word_1_205' title='bbox 747 2858 914 2906; x_wconf 86' lang='lat'>1—-14</span> <span class='ocrx_word' id='word_1_206' title='bbox 949 2874 1043 2906; x_wconf 92' lang='lat' dir='ltr'><em>om.</em></span> <span class='ocrx_word' id='word_1_207' title='bbox 1083 2858 1133 2906; x_wconf 95' lang='lat' dir='ltr'>D</span> <span class='ocrx_word' id='word_1_208' title='bbox 1310 2859 1341 2906; x_wconf 84' lang='lat'>5</span> <span class='ocrx_word' id='word_1_209' title='bbox 1387 2852 1441 2907; x_wconf 79' lang='grc' dir='ltr'><em>εἰ</em></span> <span class='ocrx_word' id='word_1_210' title='bbox 1472 2848 1584 2942; x_wconf 81' lang='grc' dir='ltr'><em>γοὶρ</em></span> <span class='ocrx_word' id='word_1_211' title='bbox 1620 2850 1698 2923; x_wconf 82' lang='grc' dir='ltr'><em>μὴ</em></span> <span class='ocrx_word' id='word_1_212' title='bbox 1738 2854 2002 2908; x_wconf 74' lang='grc' dir='ltr'><em>τοιοῦτον</em></span> <span class='ocrx_word' id='word_1_213' title='bbox 2041 2853 2138 2925; x_wconf 76' lang='grc' dir='ltr'><em>ἔτη</em></span> 
     </span>
     <span class='ocr_line' id='line_1_27' title="bbox 166 2912 2053 3001; baseline -0.002 -23"><span class='ocrx_word' id='word_1_214' title='bbox 166 2922 233 2994; x_wconf 82' lang='grc' dir='ltr'><em>[ι’.</em></span> <span class='ocrx_word' id='word_1_215' title='bbox 266 2943 316 2977; x_wconf 91' lang='lat' dir='ltr'><em>e.</em></span> <span class='ocrx_word' id='word_1_216' title='bbox 362 2921 474 2992; x_wconf 75' lang='grc' dir='ltr'><em>ἔτι]</em></span> <span class='ocrx_word' id='word_1_217' title='bbox 519 2923 807 3001; x_wconf 48' lang='grc' dir='ltr'><em>βασιλεῦς,</em></span> <span class='ocrx_word' id='word_1_218' title='bbox 829 2925 877 2973; x_wconf 89' lang='grc' dir='ltr'><strong>Α</strong></span> <span class='ocrx_word' id='word_1_219' title='bbox 1003 2928 1056 2974; x_wconf 84' lang='lat' dir='ltr'><em>in</em></span> <span class='ocrx_word' id='word_1_220' title='bbox 1091 2941 1187 2988; x_wconf 70' lang='lat' dir='ltr'><em>my.</em></span> <span class='ocrx_word' id='word_1_221' title='bbox 1224 2924 1323 2973; x_wconf 90' lang='lat' dir='ltr'><em>BV</em></span> <span class='ocrx_word' id='word_1_222' title='bbox 1365 2923 1683 2989; x_wconf 87' lang='grc' dir='ltr'><em>σημείωσαι</em></span> <span class='ocrx_word' id='word_1_223' title='bbox 1802 2918 1908 2991; x_wconf 82' lang='grc' dir='ltr'><em>μὴ]</em></span> <span class='ocrx_word' id='word_1_224' title='bbox 1949 2912 2053 2976; x_wconf 69' lang='grc' dir='ltr'><em>εὖῬ</em></span> 
     </span>
     <span class='ocr_line' id='line_1_28' title="bbox 161 2983 2140 3062; baseline 0 -17"><span class='ocrx_word' id='word_1_225' title='bbox 161 2997 197 3045; x_wconf 89' lang='grc'><strong>6</strong></span> <span class='ocrx_word' id='word_1_226' title='bbox 255 2986 329 3045; x_wconf 80' lang='grc' dir='ltr'><em>ἐν</em></span> <span class='ocrx_word' id='word_1_227' title='bbox 382 2984 590 3062; x_wconf 81' lang='grc' dir='ltr'><em>ἐκείνῳ</em></span> <span class='ocrx_word' id='word_1_228' title='bbox 626 2991 706 3061; x_wconf 79' lang='grc' dir='ltr'><em>τῷ</em></span> <span class='ocrx_word' id='word_1_229' title='bbox 741 2983 897 3057; x_wconf 83' lang='grc' dir='ltr'><em>τόπῳ</em></span> <span class='ocrx_word' id='word_1_230' title='bbox 934 3010 967 3042; x_wconf 89' lang='grc' dir='ltr'><em>α</em></span> <span class='ocrx_word' id='word_1_231' title='bbox 1002 2996 1261 3056; x_wconf 76' lang='lat' dir='ltr'><em>scriptore</em></span> <span class='ocrx_word' id='word_1_232' title='bbox 1295 2994 1538 3056; x_wconf 77' lang='lat' dir='ltr'><strong><em>profecta</em></strong></span> <span class='ocrx_word' id='word_1_233' title='bbox 1574 3008 1685 3043; x_wconf 79' lang='lat' dir='ltr'><strong><em>esse</em></strong></span> <span class='ocrx_word' id='word_1_234' title='bbox 1715 3001 1960 3058; x_wconf 78' lang='lat' dir='ltr'><em>possunt,</em></span> <span class='ocrx_word' id='word_1_235' title='bbox 1998 2997 2140 3045; x_wconf 69' lang='lat' dir='ltr'><strong><em>cuius</em></strong></span> 
     </span>
     <span class='ocr_line' id='line_1_29' title="bbox 161 3044 2138 3127; baseline 0 -15"><span class='ocrx_word' id='word_1_236' title='bbox 161 3064 383 3112; x_wconf 72' lang='lat' dir='ltr'><strong><em>libellus</em></strong></span> <span class='ocrx_word' id='word_1_237' title='bbox 416 3048 606 3126; x_wconf 63' lang='lat' dir='ltr'><em>plenius</em></span> <span class='ocrx_word' id='word_1_238' title='bbox 641 3068 719 3110; x_wconf 80' lang='lat' dir='ltr'><em>est</em></span> <span class='ocrx_word' id='word_1_239' title='bbox 752 3044 1020 3111; x_wconf 64' lang='lat' dir='ltr'><strong><em>uerborum</em></strong></span> <span class='ocrx_word' id='word_1_240' title='bbox 1055 3063 1129 3110; x_wconf 84' lang='lat' dir='ltr'><em>ita</em></span> <span class='ocrx_word' id='word_1_241' title='bbox 1153 3063 1502 3126; x_wconf 76' lang='lat' dir='ltr'><strong><em>repetitarum.</em></strong></span> <span class='ocrx_word' id='word_1_242' title='bbox 1646 3065 1706 3111; x_wconf 97' lang='grc'><em>11</em></span> <span class='ocrx_word' id='word_1_243' title='bbox 1745 3061 1899 3111; x_wconf 85' lang='lat' dir='ltr'><strong><em>uerbo</em></strong></span> <span class='ocrx_word' id='word_1_244' title='bbox 1936 3077 2138 3127; x_wconf 84' lang='grc' dir='ltr'><em>προσο</em></span> 
     </span>
     <span class='ocr_line' id='line_1_30' title="bbox 160 3129 2138 3196; baseline -0.002 -14"><span class='ocrx_word' id='word_1_245' title='bbox 160 3133 418 3196; x_wconf 76' lang='grc' dir='ltr'><em>μιλεῖν,</em></span> <span class='ocrx_word' id='word_1_246' title='bbox 458 3137 512 3179; x_wconf 76' lang='grc' dir='ltr'><em>ιιι</em></span> <span class='ocrx_word' id='word_1_247' title='bbox 549 3131 666 3179; x_wconf 78' lang='lat' dir='ltr'><strong><em>aliis</em></strong></span> <span class='ocrx_word' id='word_1_248' title='bbox 698 3131 889 3191; x_wconf 56' lang='lat' dir='ltr'><strong><em>mullis,</em></strong></span> <span class='ocrx_word' id='word_1_249' title='bbox 923 3131 1205 3192; x_wconf 82' lang='lat' dir='ltr'><strong><em>praecipue</em></strong></span> <span class='ocrx_word' id='word_1_250' title='bbox 1240 3129 1413 3179; x_wconf 82' lang='lat' dir='ltr'><strong><em>uerbis</em></strong></span> <span class='ocrx_word' id='word_1_251' title='bbox 1460 3131 1705 3192; x_wconf 84' lang='lat' dir='ltr'><strong><em>dicendi,</em></strong></span> <span class='ocrx_word' id='word_1_252' title='bbox 1731 3138 1783 3179; x_wconf 76' lang='lat' dir='ltr'><em>ec</em></span> <span class='ocrx_word' id='word_1_253' title='bbox 1818 3131 2040 3178; x_wconf 82' lang='lat' dir='ltr'><strong><em>datiuum</em></strong></span> <span class='ocrx_word' id='word_1_254' title='bbox 2086 3138 2138 3180; x_wconf 78' lang='lat' dir='ltr'><em>ec</em></span> 
     </span>
     <span class='ocr_line' id='line_1_31' title="bbox 155 3196 2000 3276; baseline -0.002 -27"><span class='ocrx_word' id='word_1_255' title='bbox 155 3201 532 3249; x_wconf 69' lang='lat' dir='ltr'><strong><em>accusativum</em></strong></span> <span class='ocrx_word' id='word_1_256' title='bbox 573 3197 862 3276; x_wconf 75' lang='lat' dir='ltr'><strong><em>subiunxit,</em></strong></span> <span class='ocrx_word' id='word_1_257' title='bbox 910 3198 979 3260; x_wconf 77' lang='lat' dir='ltr'><em>cf.</em></span> <span class='ocrx_word' id='word_1_258' title='bbox 1020 3196 1211 3248; x_wconf 77' lang='lat' dir='ltr'><strong><em>Corais</em></strong></span> <span class='ocrx_word' id='word_1_259' title='bbox 1247 3196 1464 3247; x_wconf 85' lang='lat' dir='ltr'><strong><em>Heliod.</em></strong></span> <span class='ocrx_word' id='word_1_260' title='bbox 1502 3198 1568 3246; x_wconf 87' lang='grc'><em>56</em></span> <span class='ocrx_word' id='word_1_261' title='bbox 1614 3214 1677 3249; x_wconf 89' lang='lat' dir='ltr'><em>m.</em></span> <span class='ocrx_word' id='word_1_262' title='bbox 1715 3207 1765 3246; x_wconf 80' lang='lat' dir='ltr'><em>ec</em></span> <span class='ocrx_word' id='word_1_263' title='bbox 1797 3199 2000 3247; x_wconf 81' lang='lat' dir='ltr'><strong>Atacta</strong></span> 
     </span>
     <span class='ocr_line' id='line_1_32' title="bbox 159 3255 2134 3331; baseline -0.002 -15"><span class='ocrx_word' id='word_1_264' title='bbox 159 3268 231 3316; x_wconf 84' lang='lat'><em>12</em></span> <span class='ocrx_word' id='word_1_265' title='bbox 277 3263 467 3316; x_wconf 79' lang='grc' dir='ltr'><em>τινῶν</em></span> <span class='ocrx_word' id='word_1_266' title='bbox 505 3268 636 3323; x_wconf 84' lang='grc' dir='ltr'><em>ταῖς</em></span> <span class='ocrx_word' id='word_1_267' title='bbox 671 3255 768 3317; x_wconf 70' lang='grc' dir='ltr'><em>ὑπ.</em></span> <span class='ocrx_word' id='word_1_268' title='bbox 783 3267 809 3314; x_wconf 77' lang='lat'><em>⁴?</em></span> <span class='ocrx_word' id='word_1_269' title='bbox 974 3266 1037 3315; x_wconf 87' lang='lat'><em>13</em></span> <span class='ocrx_word' id='word_1_270' title='bbox 1075 3257 1349 3331; x_wconf 79' lang='grc' dir='ltr'><em>ὠμότεροι</em></span> <span class='ocrx_word' id='word_1_271' title='bbox 1386 3265 1435 3313; x_wconf 90' lang='lat' dir='ltr'><strong>V</strong></span> <span class='ocrx_word' id='word_1_272' title='bbox 1591 3266 1654 3314; x_wconf 87' lang='lat'><em>16</em></span> <span class='ocrx_word' id='word_1_273' title='bbox 1693 3257 2049 3330; x_wconf 71' lang='grc' dir='ltr'><em>ἐπανάγκαις</em></span> <span class='ocrx_word' id='word_1_274' title='bbox 2087 3267 2134 3313; x_wconf 88' lang='lat' dir='ltr'>A</span> 
     </span>
     <span class='ocr_line' id='line_1_33' title="bbox 320 3332 2135 3399; baseline -0.001 -16"><span class='ocrx_word' id='word_1_275' title='bbox 320 3335 390 3384; x_wconf 88' lang='grc'><strong>18</strong></span> <span class='ocrx_word' id='word_1_276' title='bbox 441 3332 503 3383; x_wconf 85' lang='grc' dir='ltr'><em>τί</em></span> <span class='ocrx_word' id='word_1_277' title='bbox 533 3332 692 3383; x_wconf 89' lang='lat' dir='ltr'><em>libri·</em></span> <span class='ocrx_word' id='word_1_278' title='bbox 740 3348 832 3383; x_wconf 87' lang='grc' dir='ltr'><em>οτι</em></span> <span class='ocrx_word' id='word_1_279' title='bbox 879 3332 1242 3384; x_wconf 81' lang='lat' dir='ltr'><em>Boissonade.</em></span> <span class='ocrx_word' id='word_1_280' title='bbox 1317 3335 1453 3399; x_wconf 81' lang='lat' dir='ltr'><strong><em>quod</em></strong></span> <span class='ocrx_word' id='word_1_281' title='bbox 1494 3335 1698 3397; x_wconf 83' lang='lat' dir='ltr'><strong><em>recepi,</em></strong></span> <span class='ocrx_word' id='word_1_282' title='bbox 1747 3335 1865 3397; x_wconf 78' lang='lat' dir='ltr'><strong><em>quia</em></strong></span> <span class='ocrx_word' id='word_1_283' title='bbox 1906 3336 2135 3395; x_wconf 80' lang='lat' dir='ltr'><strong><em>scriptor</em></strong></span> 
     </span>
     <span class='ocr_line' id='line_1_34' title="bbox 154 3402 2130 3483; baseline -0.003 -30"><span class='ocrx_word' id='word_1_284' title='bbox 154 3405 314 3453; x_wconf 72' lang='lat' dir='ltr'><strong><em>alias</em></strong></span> <span class='ocrx_word' id='word_1_285' title='bbox 352 3402 453 3451; x_wconf 82' lang='lat' dir='ltr'><em>lzoo</em></span> <span class='ocrx_word' id='word_1_286' title='bbox 489 3404 647 3451; x_wconf 79' lang='lat' dir='ltr'><strong><em>utitur</em></strong></span> <span class='ocrx_word' id='word_1_287' title='bbox 654 3402 1004 3483; x_wconf 82' lang='lat' dir='ltr'><strong><em>pronomine,</em></strong></span> <span class='ocrx_word' id='word_1_288' title='bbox 1040 3416 1140 3450; x_wconf 81' lang='lat' dir='ltr'><em>non</em></span> <span class='ocrx_word' id='word_1_289' title='bbox 1186 3403 1324 3467; x_wconf 81' lang='lat' dir='ltr'><strong><em>quod</em></strong></span> <span class='ocrx_word' id='word_1_290' title='bbox 1356 3417 1464 3450; x_wconf 88' lang='lat' dir='ltr'><em>eum</em></span> <span class='ocrx_word' id='word_1_291' title='bbox 1498 3403 1585 3451; x_wconf 85' lang='lat' dir='ltr'><strong><em>illo</em></strong></span> <span class='ocrx_word' id='word_1_292' title='bbox 1620 3417 1759 3451; x_wconf 79' lang='lat' dir='ltr'><strong><em>usum</em></strong></span> <span class='ocrx_word' id='word_1_293' title='bbox 1793 3415 1906 3450; x_wconf 76' lang='lat' dir='ltr'><strong><em>esse</em></strong></span> <span class='ocrx_word' id='word_1_294' title='bbox 1941 3415 2130 3463; x_wconf 62' lang='lat' dir='ltr'><strong><em>negem.</em></strong></span> 
     </span>
     <span class='ocr_line' id='line_1_35' title="bbox 315 3455 2135 3548; baseline -0.002 -29"><span class='ocrx_word' id='word_1_295' title='bbox 315 3455 355 3536; x_wconf 85' lang='grc' dir='ltr'><strong><em>ἦ</em></strong></span> <span class='ocrx_word' id='word_1_296' title='bbox 400 3483 492 3519; x_wconf 89' lang='grc' dir='ltr'><em>σοι</em></span> <span class='ocrx_word' id='word_1_297' title='bbox 531 3469 605 3532; x_wconf 89' lang='lat' dir='ltr'><em>V,</em></span> <span class='ocrx_word' id='word_1_298' title='bbox 643 3457 774 3535; x_wconf 82' lang='grc' dir='ltr'><em>ἦσοι</em></span> <span class='ocrx_word' id='word_1_299' title='bbox 811 3469 885 3531; x_wconf 85' lang='grc' dir='ltr'><em>Β,</em></span> <span class='ocrx_word' id='word_1_300' title='bbox 925 3482 1013 3519; x_wconf 90' lang='grc' dir='ltr'><em>σοι</em></span> <span class='ocrx_word' id='word_1_301' title='bbox 1052 3470 1099 3517; x_wconf 89' lang='grc' dir='ltr'><strong>Α</strong></span> <span class='ocrx_word' id='word_1_302' title='bbox 1225 3467 1325 3519; x_wconf 81' lang='grc' dir='ltr'><em>καὶ</em></span> <span class='ocrx_word' id='word_1_303' title='bbox 1361 3470 1696 3548; x_wconf 81' lang='lat' dir='ltr'><strong><em>incommode,</em></strong></span> <span class='ocrx_word' id='word_1_304' title='bbox 1734 3476 1790 3517; x_wconf 85' lang='lat' dir='ltr'><em>ut</em></span> <span class='ocrx_word' id='word_1_305' title='bbox 1820 3482 2002 3545; x_wconf 70' lang='lat' dir='ltr'><strong><em>saepe,</em></strong></span> <span class='ocrx_word' id='word_1_306' title='bbox 2041 3469 2135 3516; x_wconf 82' lang='lat' dir='ltr'><em>ad-</em></span> 
     </span>
     <span class='ocr_line' id='line_1_36' title="bbox 155 3524 2131 3614; baseline -0.004 -25"><span class='ocrx_word' id='word_1_307' title='bbox 155 3540 371 3593; x_wconf 78' lang='lat' dir='ltr'><strong><em>ditum,·</em></strong></span> <span class='ocrx_word' id='word_1_308' title='bbox 406 3537 598 3599; x_wconf 73' lang='lat' dir='ltr'><strong><em>fuisset</em></strong></span> <span class='ocrx_word' id='word_1_309' title='bbox 621 3543 800 3614; x_wconf 70' lang='lat' dir='ltr'><strong><em>aptum</em></strong></span> <span class='ocrx_word' id='word_1_310' title='bbox 813 3539 861 3586; x_wconf 72' lang='lat' dir='ltr'><em>si</em></span> <span class='ocrx_word' id='word_1_311' title='bbox 886 3538 1263 3600; x_wconf 70' lang='lat' dir='ltr'><strong><em>praecessisset</em></strong></span> <span class='ocrx_word' id='word_1_312' title='bbox 1299 3535 1454 3587; x_wconf 78' lang='grc' dir='ltr'><em>αἴτει</em></span> <span class='ocrx_word' id='word_1_313' title='bbox 1490 3525 1582 3586; x_wconf 79' lang='grc' dir='ltr'><em>ὅτι</em></span> <span class='ocrx_word' id='word_1_314' title='bbox 1619 3553 1692 3586; x_wconf 90' lang='grc' dir='ltr'><em>αν</em></span> <span class='ocrx_word' id='word_1_315' title='bbox 1728 3524 1767 3600; x_wconf 83' lang='grc' dir='ltr'><strong><em>ᾖ</em></strong></span> <span class='ocrx_word' id='word_1_316' title='bbox 1803 3548 1890 3584; x_wconf 89' lang='grc' dir='ltr'><em>σοι</em></span> <span class='ocrx_word' id='word_1_317' title='bbox 1929 3527 1991 3583; x_wconf 89' lang='grc' dir='ltr'><em>τὸ</em></span> <span class='ocrx_word' id='word_1_318' title='bbox 2028 3549 2131 3583; x_wconf 86' lang='grc' dir='ltr'><em>πο-</em></span> 
     </span>
     <span class='ocr_line' id='line_1_37' title="bbox 151 3595 1386 3672; baseline -0.004 -14"><span class='ocrx_word' id='word_1_319' title='bbox 151 3597 487 3672; x_wconf 74' lang='grc' dir='ltr'><em>θούμενον</em></span> <span class='ocrx_word' id='word_1_320' title='bbox 626 3607 688 3655; x_wconf 87' lang='grc'><strong>19</strong></span> <span class='ocrx_word' id='word_1_321' title='bbox 725 3597 936 3670; x_wconf 74' lang='grc' dir='ltr'><em>ῥοίδιον</em></span> <span class='ocrx_word' id='word_1_322' title='bbox 970 3606 1003 3658; x_wconf 88' lang='lat' dir='ltr'><em>i.</em></span> <span class='ocrx_word' id='word_1_323' title='bbox 1042 3621 1090 3669; x_wconf 83' lang='lat' dir='ltr'><em>q.</em></span> <span class='ocrx_word' id='word_1_324' title='bbox 1130 3595 1386 3656; x_wconf 84' lang='grc' dir='ltr'><em>δυνατόν</em></span> 
     </span>
    </p>
   </div>
   <div class='ocr_carea' id='block_1_4' title="bbox 1651 3688 1717 3734">
    <p class='ocr_par' dir='ltr' id='par_1_4' title="bbox 1651 3688 1717 3734">
     <span class='ocr_line' id='line_1_38' title="bbox 1651 3688 1717 3734; baseline 0 -17"><span class='ocrx_word' id='word_1_325' title='bbox 1651 3688 1717 3734; x_wconf 73' lang='grc'><em>1*</em></span> 
     </span>
    </p>
   </div>
   <div class='ocr_carea' id='block_1_5' title="bbox 2201 853 2227 894">
    <p class='ocr_par' dir='ltr' id='par_1_5' title="bbox 2201 853 2227 894">
     <span class='ocr_line' id='line_1_39' title="bbox 2201 853 2227 894; baseline 0 0"><span class='ocrx_word' id='word_1_326' title='bbox 2201 853 2227 894; x_wconf 89' lang='grc'>5</span> 
     </span>
    </p>
   </div>
   <div class='ocr_carea' id='block_1_6' title="bbox 2177 1364 2226 1401">
    <p class='ocr_par' dir='ltr' id='par_1_6' title="bbox 2177 1364 2226 1401">
     <span class='ocr_line' id='line_1_40' title="bbox 2177 1364 2226 1401; baseline 0.02 -1"><span class='ocrx_word' id='word_1_327' title='bbox 2177 1364 2226 1401; x_wconf 84' lang='lat'><em>10</em></span> 
     </span>
    </p>
   </div>
   <div class='ocr_carea' id='block_1_7' title="bbox 2176 1771 2335 1911">
    <p class='ocr_par' dir='ltr' id='par_1_7' title="bbox 2176 1771 2335 1911">
     <span class='ocr_line' id='line_1_41' title="bbox 2179 1771 2335 1817; baseline -0.019 -5"><span class='ocrx_word' id='word_1_328' title='bbox 2179 1780 2223 1817; x_wconf 80' lang='grc' dir='ltr'><em>Ρ.</em></span> <span class='ocrx_word' id='word_1_329' title='bbox 2242 1771 2267 1811; x_wconf 87' lang='grc'>6</span> <span class='ocrx_word' id='word_1_330' title='bbox 2282 1771 2335 1810; x_wconf 87' lang='lat' dir='ltr'><em>B.</em></span> 
     </span>
     <span class='ocr_line' id='line_1_42' title="bbox 2176 1872 2223 1911; baseline 0.043 -2"><span class='ocrx_word' id='word_1_331' title='bbox 2176 1872 2223 1911; x_wconf 82' lang='lat'><em>15</em></span> 
     </span>
    </p>
   </div>
   <div class='ocr_carea' id='block_1_8' title="bbox 2169 2383 2220 2422">
    <p class='ocr_par' dir='ltr' id='par_1_8' title="bbox 2169 2383 2220 2422">
     <span class='ocr_line' id='line_1_43' title="bbox 2169 2383 2220 2422; baseline 0.039 -2"><span class='ocrx_word' id='word_1_332' title='bbox 2169 2383 2220 2422; x_wconf 79' lang='lat'><em>20</em></span> 
     </span>
    </p>
   </div>
  </div>
 </body>
</html>
