2563 4087
2100 268 2221 332 195

281 414 566 503 ευχερὴς
601 417 694 504 τῷ
731 413 1092 501 πράττοντι
1127 420 1552 497 καθίσταται,
1590 409 1631 497 ἡ
1661 411 1737 480 δὲ
1762 415 1880 496 τῆς
1914 409 2219 489 εὐποιίας

265 515 619 641 δυσχερής
687 518 864 584 ἐστιν
925 511 1246 601 μάλιστα)
1356 504 1583 592 Αὖθις
1645 512 1721 581 δε
1776 510 1812 580 6
1865 513 2217 600 βασιλεύς·

265 616 455 696 ‘an-59
495 610 530 684 6
580 615 713 702 μὴν
760 616 986 683 νοσῶν
1054 614 1269 702 ἡδέως
1319 616 1438 694 τὰς
1474 615 1612 682 τῶν
1653 619 1904 703 ἰατρῶν
1944 613 2218 692 ἐντολας

277 725 652 810 προσίεται·
653 712 781 784 κάν
810 719 1128 804 ἐπαχθεῖς
1156 714 1330 784 εἶναι
1357 719 1702 803 δοκοῦσιν,
1739 721 1811 784 οι
1840 715 1916 784 δὲ
1943 713 2220 804 ἄνθρω-

277 845 430 905 ποι,
495 816 660 887 ὅταν
722 817 956 897 αὐτοῖς
1017 815 1058 904 ἡ
1121 816 1407 902 ἀλήθεια
1469 819 1883 904 φθέγγηται,
1954 818 2214 905 βαρέως
2267 844 2292 883 5

276 920 543 1007 ταύτην
581 920 907 1008 φέρουσιν
925 917 956 1002 3'
1016 912 1052 986 6
1091 918 1167 987 δὲ·
1203 918 1358 997 υίὸς
1398 924 1525 1005 ἔφη
1560 921 1653 1010 τῷ
1687 926 1953 1006 βασιλεῖ
1970 937 1983 949 “
2041 915 2057 940 ‘
2079 915 2216 986 ὅτι·

279 1048 409 1110 περ
446 1019 484 1089 6
523 1020 650 1108 μὲν
684 1023 913 1089 νοσῶν
948 1020 1031 1088 τὰ
1068 1018 1288 1112 τούτῳ
1326 1019 1842 1108 προσφερόμενα
1871 1020 2216 1106 φάρμακα,

273 1119 408 1191 κᾶν
446 1121 622 1210 ἀηδῆ
669 1147 812 1202 πως
859 1124 974 1189 καὶ
1025 1120 1391 1210 πικρότατα
1442 1120 1863 1207 πεφύκασιν,
1914 1118 2066 1188 ἀλλ’
2128 1119 2218 1200 ὠς

271 1222 521 1310 ὑγείας
556 1226 671 1292 καὶ
708 1226 1075 1311 χαροποιοῦ
1115 1220 1378 1303 εὐεξίας
1415 1221 1704 1309 πρόξενα
1752 1221 1967 1308 ἡδέως
2004 1242 2217 1309 προσ-

274 1327 576 1411 δέχεται’
600 1400 606 1403 λ
633 1322 668 1392 6
708 1324 784 1393 δὲ
820 1323 1062 1412 ἄφρων
1098 1323 1273 1412 ἀνὴρ
1302 1326 1415 1391 καὶ
1445 1320 1797 1412 ἀσύνετος,
1834 1321 1999 1390 ὅταν
2027 1321 2216 1414 αὐτῷ
2247 1351 2294 1388 10

275 1426 506 1514 ἀληθῆ
541 1453 613 1495 τε
649 1427 764 1493 καὶ
814 1426 1058 1493 δέοντα
1103 1427 1409 1513 λέγηται,
1457 1427 1717 1512 βαρέως
1763 1427 1980 1493 ταῦτα
2029 1426 2216 1512 φέρει

273 1529 397 1596 καὶ
433 1532 861 1615 δυσχεραίνει
901 1523 1005 1595 ἐπ’
1046 1525 1317 1619 αὐτοῖς,
1354 1525 1514 1594 καθ’
1558 1523 1657 1594 ὅτι
1694 1524 1820 1612 οὐχ
1856 1519 1996 1595 ὑπό
2034 1552 2215 1604 τινος

271 1635 438 1716 βίας
486 1638 620 1696 εἴτε
670 1624 926 1714 ὀδύνης
980 1624 1204 1716 ὥσπερ
1258 1626 1295 1695 6
1333 1632 1559 1696 νοσῶν
1596 1638 2004 1697 συνωθεῑται
2041 1627 2214 1717 πρὸς

276 1729 367 1796 τὰ
406 1727 800 1818 ἁρμόζοντα.
866 1726 975 1795 διά
1006 1728 1139 1817 γὰρ
1166 1731 1371 1796 τοῦτο
1398 1731 1513 1797 καὶ
1542 1730 1937 1816 γέγραπται·
1991 1734 2216 1815 ἔλεγχε
2242 1765 2283 1802 p.
2314 1756 2389 1794 134

271 1830 502 1916 σοφόν
547 1831 664 1898 καὶ
713 1828 1042 1914 ἀγαπήσει
1092 1848 1193 1897 σε·
1259 1834 1459 1898 δίδου
1510 1836 1699 1922 σοφῷ
1748 1828 2063 1918 ἀφορμὴν
2101 1832 2212 1897 καὶ
2244 1857 2291 1896 15

273 1930 668 2020 σοφώτερος
709 1936 905 1999 ἔσται.
977 1933 1093 1998 καὶ
1130 1929 1220 2017 μὴ
1261 1937 1488 2017 ἔλεγχε
1523 1928 1825 2019 ἄφρονα,
1864 1937 1980 2000 ἵνα
2014 1929 2107 2017 μή
2142 1951 2215 1998 σε

268 2032 563 2122 μισήσῃ·
627 2034 742 2101 καὶ
795 2038 892 2111 είς
937 2028 1237 2121 ἄφρονος
1276 2022 1412 2100 ὦτα
1448 2031 1537 2119 μὴ
1575 2032 1728 2118 λέγε
1763 2033 1927 2112 τούς
1964 2031 2215 2117 λόγους

270 2156 447 2222 σου,
497 2140 612 2203 ἵνα
666 2134 756 2221 μὴ
808 2141 1189 2221 μυκτηρίσῃ
1241 2131 1529 2212 αὐτούς’
1622 2137 1758 2202 Καὶ
1809 2127 1845 2201 6
1899 2134 2214 2220 βασιλεὺς

268 2243 409 2323 ἔφη
447 2236 651 2303 πάλιν
685 2238 779 2328 τῷ
815 2239 976 2326 υἱῷ·
1030 2231 1048 2257 ‘
1070 2237 1213 2314 πῶς
1249 2233 1381 2324 ἄρα
1410 2232 1446 2302 6
1477 2234 1602 2322 μὲν
1631 2239 1931 2316 δαψιλῶς
1963 2238 2214 2304 ἐσθίων

265 2336 492 2416 εὐθὺς
526 2338 643 2405 καὶ
677 2338 1100 2425 κορέννυται,
1153 2333 1188 2404 6
1238 2336 1316 2405 δὲ
1361 2337 1719 2425 χρημάτων
1759 2340 1933 2426 ἐρῶν
1974 2336 2208 2424 ἀκόρε-
2239 2363 2288 2401 20

268 2459 439 2507 στον
463 2444 591 2524 ἔχει
608 2438 733 2524 τὴν
766 2438 921 2525 περὶ
949 2444 1164 2506 ταῦτα
1194 2444 1423 2525 ἔφεσιν
1439 2437 1473 2522 3’
1513 2436 1549 2508 6
1580 2455 1742 2518 παῖς
1770 2438 2209 2525 ἀπεκρίνατο·

259 2537 343 2626 ’ἡ
393 2538 523 2625 μὲν
571 2539 654 2606 τὰ
704 2537 840 2619 ὄψα
891 2541 1214 2627 δεχομένη
1261 2543 1389 2607 τοῦ
1439 2538 1717 2657 ἀνδρὸς
1744 2539 1999 2625 γαστὴρ
2047 2540 2209 2626 μετὰ

412 2737 439 2784 1
477 2734 715 2785 uocabula·
750 2727 1016 2793 εὐποιίας
1053 2738 1222 2784 altera
1258 2739 1291 2787 l.
1332 2752 1355 2785 ι
1387 2752 1448 2784 m.
1478 2752 1558 2795 pr.
1584 2752 1723 2787 corr.
1749 2752 1878 2801 εει-η
2001 2738 2031 2786 2
2058 2727 2210 2786 ἐστὶν
2260 2761 2265 2766 ·

263 2801 557 2868 μᾶλλιστα
627 2804 675 2853 3.
715 2796 976 2880 9ἰδέως
1011 2800 1378 2853 4δοκοῦσιΜ.
1406 2797 1549 2855 κᾶν.
1577 2797 1729 2854 ,εἰσί
1757 2803 1802 2852 Ρ
1843 2753 2143 2869 ηέπαχθῆς

264 2923 298 2972 5
336 2915 692 3002 ‹pefissyysnaf
796 2920 828 2969 6
864 2886 991 2972 τάξ).
1029 2937 1143 2970 num
1176 2918 1395 2971 ταῦταῗ
1430 2922 1499 2984 cf.
1541 2923 1602 2971 11
1710 2923 1758 2972 ’7.
1796 2924 1828 2971 9
1864 2916 2005 3002 πρὸς
2040 2924 2210 2972 seiun-

263 2996 397 3038 ctum
433 2994 490 3037 ut
522 2989 829 3069 saepissime
936 2988 967 3038 8
1003 2977 1176 3051 ἀείδὴ
1214 2984 1333 3047 πῶς
1434 3002 1728 3072 πεφυκασι
1764 2991 1878 3039 eod.
1903 2983 2209 3071 ὑπάρχωσι

263 3056 327 3107 Ρ.
355 3057 424 3118 cf.
451 3056 487 3104 4
579 3048 764 3114 ἀλλοός
800 3045 971 3120 υγίας
1074 3057 1106 3105 9
1132 3047 1356 3119 ἔβεξίας
1425 3049 1632 3121 [ἰδέαις
1666 3049 1810 3121 πρὸς
1829 3051 2120 3171 τδέχονται

266 3176 329 3224 11
372 3119 514 3254 022⁷?
522 3188 583 3225 τε
618 3170 719 3223 καὶ
756 3140 894 3223 δέον
931 3164 1017 3223 2⁷²
1052 3175 1166 3225 cod.
1204 3166 1275 3225 τὰ
1313 3164 1552 3240 ἀληθῆὶ)
1659 3177 1719 3224 11
1757 3191 1866 3225 ταυ
1971 3178 2034 3226 12
2071 3173 2207 3227 δυσ·

262 3237 524 3306 χαιρένει
685 3242 749 3291 13
788 3234 904 3292 εἴτε
941 3243 1092 3297 codd
1124 3239 1239 3292 εἴτε
1274 3245 1429 3292 semel
1462 3259 1658 3308 quoque
1693 3243 1790 3292 Izac
1823 3246 2076 3294 sententza
2110 3259 2207 3306 po-

263 3362 406 3409 nitur
565 3325 814 3410 συνοθεῖ
985 3361 1048 3409 15
1084 3349 1354 3425 ἀγαπήση
1517 3357 1691 3410 δίδου
1728 3395 1742 3410 .
1771 3355 1980 3410 ..ἔσται
2016 3365 2065 3408 et
2102 3357 2202 3408 καὶ

267 3423 352 3485 εἰς
393 3462 407 3477 .
437 3464 449 3476 .
480 3466 494 3481 .
530 3416 684 3477 αυτά
720 3429 1015 3477 omittuntur
1047 3429 1101 3476 in
1134 3427 1454 3478 Prouerbiis
1586 3427 1657 3476 16
1693 3419 2004 3491 σοφότερος
2141 3428 2202 3476 17

262 3492 497 3559 μησίση,
534 3496 569 3547 l.
597 3496 748 3557 finali
780 3511 817 3559 η
849 3494 997 3557 facta
1030 3511 1097 3545 m.
1130 3511 1215 3558 pr.
1252 3510 1323 3545 επ·
1359 3509 1409 3545 ει
1584 3481 1700 3545 ὦτα
1906 3496 1969 3544 18
2005 3508 2204 3558 μηκτι·

261 3608 397 3677 ρίση
481 3603 632 3662 αὐτοὶ
704 3615 767 3663 19
807 3598 919 3679 ἀρα
1010 3614 1076 3664 20
1110 3606 1418 3679 κορένυται
1511 3615 1591 3662 21.
1621 3614 1736 3670 196,
1762 3614 1795 3660 4
1830 3578 1939 3663 w&

1695 3698 1794 3747 13*
