2563 4087
380 227 510 291 200
1208 236 1483 307 Excerpta

384 367 570 425 λαλος.
616 356 768 433 ὅμως
813 365 1014 425 καθῶς
1060 362 1277 432 βλέπω,
1337 360 1522 433 φόβον
1565 360 1830 433 ,μεγάλαν
1878 364 2034 434 ἔχεις
2082 365 2161 428 εἰς
2206 385 2313 420 τον

383 441 593 502 έαύτόν
631 460 759 502 σου·
799 445 972 517 βλέπε
1011 442 1214 501 λοιπὸν
1260 446 1454 518 ναμὴν
1501 450 1602 504 σοῦ
1650 448 1866 504 ἔλθουν
1905 449 2127 517 ἐκεῖνα,
2167 446 2311 505 ὃποῦ

389 529 490 586 δὲν
529 528 865 601 έγνωρίζεις.
900 526 1056 599 πλὴν
1093 533 1466 601 συμβουλεῦον
1503 551 1564 588 σε
1603 529 1705 587 διὰ
1755 530 1817 587 τὸ
1856 533 2151 605 συμφέρον
2186 552 2313 589 σου·

384 616 482 669 καὶ
524 612 632 685 ἐγώ
670 614 772 670 δὲν
806 613 965 669 θέλω
1000 617 1327 686 παραιτιθῆ
1349 619 1737 686 (παραιτηθῆ,
1762 638 1872 672 non
1896 622 2198 687 desistam),
2237 639 2318 672 να

382 697 541 769 εἷμαι
595 697 873 768 μετεσένα
916 702 1148 766 (teeum;·
1190 719 1292 754 ser.
1338 691 1506 772 ἧμαι)
1555 703 1563 769 Ι
1611 709 1660 768 9,
1707 709 1738 757 9
1785 699 1859 756 να
1906 699 2317 773 μελετήσωμεν,

385 791 446 837 10
482 802 516 836 κ
537 828 548 841 .
571 826 581 838 .
609 780 650 838 έ.
687 804 765 836 om
795 785 803 851 Ι
834 790 883 850 9,
923 789 982 837 11
1026 783 1108 847 εἰς
1143 804 1220 837 om
1249 787 1258 853 Ι
1292 792 1340 851 9,
1363 791 1424 839 16
1444 806 1494 839 κ.
1532 781 1842 856 ἄπεκρήθη
1880 807 1950 857 με
1984 783 2181 856 θυμὸν
2214 788 2315 841 καὶ

383 866 536 936 λέγει
570 887 673 934 της
704 871 712 933 Ι
743 873 791 933 9,
830 874 911 921 22.
947 874 1013 922 23
1059 869 1159 922 καὶ
1204 888 1274 938 με
1312 889 1383 922 τα
1419 864 1593 938 νύχιοέ
1648 873 1706 937 (ἰ.
1745 891 1793 924 ε.
1831 879 1954 932 τοῖς
1989 866 2175 938 ὄνυξι)
2210 891 2316 940 της

383 947 709 1019 αἰμοίτωνεν
746 951 811 1006 τὸ
846 946 1150 1020 προσωπόν
1184 972 1286 1022 της
1332 957 1342 1019 Ι
1395 960 1472 1018 10,
1515 959 1559 1011 1.
1600 961 1647 1008 2.
1680 951 1713 1009 ἑ
1734 1001 1746 1013 .
1769 997 1781 1009 .
1803 951 1867 1024 έ.]
1925 951 2175 1025 έπολέμα
2210 957 2315 1009 καὶ

382 1030 649 1106 ἐσυκώθη
688 1032 981 1106 (ἕσηκοόθη
1020 1039 1281 1104 surrexit)
1337 1057 1410 1092 να
1454 1058 1561 1106 μαι
1600 1034 1781 1094 ’πιοὲσι
1837 1043 1931 1109 (με
1967 1035 2149 1110 πιοέσῃ
2191 1046 2223 1094 i.
2258 1060 2310 1093 e.

381 1118 501 1191 ἕλῃ)
552 1131 560 1188 Ι
613 1114 690 1187 16,
728 1128 761 1175 4
814 1117 922 1189 ἐγώ
960 1116 1221 1190 ένόμιζα,
1280 1117 1354 1176 ἄν
1399 1142 1512 1191 μου
1546 1116 1770 1192 ἤθελεν
1806 1119 1955 1194 έλθῆ
1993 1119 2030 1193 ἡ
2069 1118 2311 1193 τοιαύτη

381 1206 703 1260 δυναστεῖα
737 1199 853 1260 ἀπὸ
894 1199 1071 1260 ἄλλον
1107 1199 1451 1274 ἄνθρωπον,
1489 1227 1565 1261 να
1606 1202 1891 1278 ἕμποὸίση
1918 1204 2121 1271 αὐτός·
2161 1201 2308 1262 ἀλλὰ

380 1282 553 1352 αὐτὸς
609 1287 765 1359 εἶχεν
818 1288 1047 1345 τέτοιαν
1102 1291 1158 1359 (ι’.
1194 1311 1234 1343 e.
1295 1287 1593 1361 τοιαύτην)
1646 1287 1879 1361 ’γνώμην
1943 1294 2042 1347 καὶ
2096 1287 2317 1362 μιαρὰν

378 1367 800 1443 ἀναισχυντίαν
839 1374 923 1436 εἰς
960 1370 1077 1444 ἐμὲ.
1112 1378 1121 1441 Ι
1154 1381 1234 1440 10,
1275 1382 1340 1429 10
1384 1371 1686 1444 ἐμελέτησε
1722 1375 1876 1430 κακοὶ
1913 1397 1963 1432 κ.
2003 1399 2052 1431 τ.
2096 1399 2150 1431 υ.
2185 1394 2319 1430 του·

379 1458 452 1513 νά
490 1456 592 1514 τὸν
629 1454 967 1528 ἆπόξενοῦση
1023 1451 1139 1513 ἀπὸ
1199 1454 1301 1513 τὸν
1338 1452 1551 1515 έαῦτόν
1585 1480 1690 1514 του
1739 1462 1748 1528 Ι
1805 1466 1886 1529 10,
1928 1468 1990 1514 14
2024 1463 2313 1529 μᾶλλιστα

380 1538 495 1599 ἀπὸ
533 1541 639 1612 τὴν
678 1540 864 1612 λύπην
900 1539 1006 1611 τὴν
1059 1540 1246 1611 πολὴν
1284 1545 1384 1598 καὶ
1419 1547 1658 1615 πικρίαν
1691 1539 1840 1599 ὀποῦ
1889 1543 2075 1614 εἶχεν,
2118 1540 2318 1614 ἑπρός-

376 1631 513 1695 ταξε
549 1647 623 1681 να
661 1627 760 1683 τὸν
798 1625 1180 1682 θανατώσουν
1201 1623 1276 1691 ὥς
1312 1623 1649 1685 κατάδικον.
1682 1630 1692 1696 Ι
1727 1633 1807 1696 10,
1833 1634 1900 1682 22
1925 1623 2319 1700 ἐσυλλογίσθη

377 1712 536 1766 πᾶσα
556 1710 691 1775 ἕνας
712 1711 796 1775 εἰς
814 1707 915 1766 τὸν
936 1706 1144 1766 ἑαύτόν
1165 1731 1266 1766 του
1288 1711 1469 1782 λέγων
1483 1729 1495 1742 ·
1537 1708 1740 1781 ἐπειδὴ
1759 1707 1800 1766 ’ὁ
1816 1765 1823 1775 ,
1836 1708 2105 1783 βασιλεὺς
2124 1708 2322 1782 ὀργίσ-

380 1800 481 1865 θη.
522 1801 717 1850 omnino
754 1816 883 1865 quae
908 1816 958 1865 p.
988 1801 1205 1864 10-11‚
1227 1801 1257 1850 5
1284 1808 1485 1866 exeant,
1507 1802 1558 1850 in
1576 1799 1627 1848 D
1652 1801 1860 1851 liberius
1895 1816 2150 1864 expressa
2166 1798 2319 1866 sunt}

381 1939 458 1999 11,
499 1939 527 1987 7
566 1932 665 1986 καὶ
692 1938 745 1985 ἐ’.
786 1951 863 1986 om
892 1933 901 2001 Ι
935 1937 1014 1998 11,
1056 1938 1115 1985 11
1158 1930 1259 1985 διὰ
1300 1927 1373 1986 vo}
1411 1898 1699 2000 gasvfisp‘c'o
1731 1927 2066 2003 (ἰ.ε...ώσῃ)
2097 1936 2108 1997 1
2142 1938 2223 1998 11,
2256 1938 2322 1987 13

378 2011 447 2081 οἷς
484 2016 725 2088 παγένει
762 2015 922 2071 πᾶσα
960 2015 1094 2079 ἕνας
1129 2036 1241 2086 μας
1276 2018 1472 2071 πᾶσαν
1508 2012 1732 2086 ἡμέραν
1779 2016 1862 2080 εἰς
1909 2013 2010 2071 τὸν
2048 2015 2316 2088 βασιλέα,

374 2123 448 2156 να
486 2107 786 2171 συνομιλεῖ
814 2122 884 2171 με
922 2094 1121 2168 αὐτὸν,
1170 2101 1273 2164 ἕως
1313 2096 1416 2156 τὸν
1455 2103 1611 2168 (τῶν)
1651 2097 1824 2170 ἑπτα,
1857 2097 2060 2173 λόγους
2086 2101 2321 2172 εἰρηνο-

376 2179 580 2249 ποιοὺς
616 2187 715 2241 καὶ
741 2184 1012 2254 γλυκούς·
1052 2185 1111 2240 οἷ
1143 2183 1334 2240 οπόιοι
1356 2188 1489 2248 ἴσως
1516 2204 1591 2238 να
1627 2194 2021 2241 καταπεῖσουν
2056 2189 2156 2241 καὶ,
2194 2186 2322 2257 τρό-

374 2289 485 2324 πον
507 2273 787 2336 τοιοῦτον,
824 2270 923 2323 καὶ
963 2264 1443 2337 ἐλευθερώσωμεν
1468 2266 1570 2324 τὸν
1608 2264 1740 2323 υἱόν
1765 2289 1866 2324 του
1905 2263 2020 2325 ἀπὸ
2059 2268 2159 2324 τὸν
2195 2267 2321 2325 θοὶ-

374 2374 566 2408 νατον.
605 2350 732 2408 τότε
767 2355 865 2408 καὶ
903 2347 933 2408 ὃ
970 2355 1189 2422 πρῶτος
1215 2355 1327 2407 τῶν
1352 2349 1497 2409 έπτά
1520 2352 1853 2424 φιλοσόφων
1874 2395 1886 2409 .
1907 2394 1918 2407 .
1950 2348 2041 2422 (α”ς
2086 2353 2322 2425 παγένῃ

372 2446 406 2492 ι’.
435 2458 481 2495 e.
518 2433 622 2508 ἄγε
649 2438 796 2508 ἔλθῃ
832 2436 1152 2507 (ἔλθωμεν)
1189 2443 1257 2503 ef.
1284 2440 1525 2493 Munaoh
1550 2440 1720 2507 Gr.p.
1745 2440 1928 2503 22371.)
1959 2440 1969 2505 ι
2004 2444 2082 2504 11,
2113 2445 2315 2493 19—21

374 2519 448 2577 νά
495 2518 898 2589 ἅποφασίζουν
939 2524 1129 2592 κρίσιν
1175 2524 1272 2577 καὶ
1318 2519 1583 2578 θάνατον
1638 2517 1990 2590 ἀνθρώπων,
2029 2523 2200 2591 χωρὶς
2235 2521 2321 2577 vn}

373 2603 677 2674 έξετοέζουν
707 2607 805 2662 καὶ
836 2603 911 2662 νοὶ
951 2603 1293 2677 ερευνήζουν
1317 2607 1687 2669 καταλεπτῶς
1722 2602 1831 2675 τήν
1864 2602 2168 2662 ὑπόθεσιν.
2209 2611 2321 2664 καὶ

374 2688 626 2746 ἄκουσον
664 2692 930 2762 βασιλεῦ,
972 2690 1181 2760 ταύτην
1216 2692 1324 2761 τὴν
1345 2689 1632 2762 διήγησιν.
1663 2693 1673 2760 Ι
1707 2698 1786 2758 12,
1824 2697 1855 2746 9
1894 2684 2041 2745 ἀλλὰ
2079 2686 2312 2762 έκείνηΙ

375 2783 455 2842 12,
482 2782 538 2828 11
565 2770 673 2844 ἐγώ
714 2772 872 2843 εἷμαι
911 2771 1092 2844 δούλη
1115 2793 1245 2840 σου,
1286 2776 1358 2829 νοὶ
1396 2773 1559 2844 κάμω
1583 2771 1648 2830 τὸ
1676 2769 1911 2844 θέλημά
1932 2792 2060 2829 σου·
2092 2778 2101 2844 Ι
2134 2782 2218 2845 12,
2245 2784 2321 2831 16

371 2852 594 2929 ἤφερεν
632 2860 736 2912 τοῦ
775 2858 1051 2930 βασιλέως
1087 2856 1150 2913 τὸ
1191 2861 1417 2929 βιβλίον
1454 2861 1556 2914 τοῦ
1580 2854 1795 2929 ἀνδρός
1831 2880 1959 2929 της,
2000 2855 2065 2914 τὸ
2101 2855 2323 2915 ὁποῖον

372 2944 591 3012 ἔγραφε
629 2938 732 2996 διὰ
766 2938 875 3011 τὴν
922 2940 1313 3013 σωφρωσύνην
1358 2944 1471 2999 τῶν
1516 2937 1872 3013 ἀνθρώπων,
1908 2944 2009 2997 καὶ
2045 2941 2121 2998 νά
2167 2945 2319 3014 φεῦ-

369 3047 513 3097 γουν
539 3020 653 3081 ἄπὸ
693 3023 800 3096 τὴν
839 3022 1126 3097 αἰσχύνην
1149 3027 1249 3083 καὶ
1278 3024 1525 3098 αἰσχράν
1560 3024 1774 3099 πράξιν
1803 3030 1812 3098 Ι
1847 3034 1926 3095 12,
1953 3033 2162 3082 20-22
2187 3030 2318 3091 πῶς

372 3110 477 3166 &zv
513 3108 722 3179 πρέπει
759 3107 892 3174 τούς
930 3114 1183 3179 βασιλεῖς
1222 3134 1295 3168 να
1346 3111 1632 3181 ὃιοόχνουν
1679 3107 1949 3182 τοιούτην
1997 3107 2317 3183 ἀναισχυν-

369 3198 502 3250 τίαν
549 3195 663 3249 τῶν
687 3190 918 3264 ἡδονῶν
946 3188 1124 3264 (οὕτω
1148 3240 1159 3251 .
1180 3238 1192 3253 .
1216 3196 1295 3266 ἕχ.
1332 3202 1431 3263 om)
1463 3199 1473 3265 Ι
1507 3204 1586 3264 13,
1622 3202 1790 3251 4-12
1809 3198 2096 3264 μᾶλλιστα
2140 3202 2319 3252 πολε-

370 3281 597 3349 μῶντας
617 3278 717 3333 καὶ
739 3275 1068 3344 διώκωντιίς
1088 3302 1215 3352 την,
1228 3281 1397 3337 ἔπεσε
1417 3277 1480 3335 τὸ
1503 3282 1814 3337 ὃακτυλίὸι
1832 3301 1935 3335 του
1955 3279 2057 3343 εἰς
2076 3278 2315 3352 τὸκρεβ·

370 3360 502 3433 βοῖτι
525 3405 538 3418 .
568 3407 579 3419 .
607 3408 619 3422 .
647 3364 747 3419 καὶ
770 3356 911 3420 ὅταν
935 3354 1122 3433 ἦλθεν
1148 3362 1178 3420 ὁ
1207 3359 1424 3435 ἄνδρας
1449 3387 1577 3436 της,
1615 3358 1976 3435 ἆκούμπισεν
2000 3366 2317 3435 (accubuit)

369 3449 451 3512 εἰς
487 3446 549 3505 τὸ
571 3447 842 3520 κρεββοὶτι
861 3447 1010 3503 κατὰ
1034 3449 1140 3518 τὴν
1179 3448 1530 3518 συνήθειαν·
1568 3450 1668 3504 καὶ
1703 3445 1931 3520 ε’βλέπει
1968 3445 2034 3504 τὸ
2061 3452 2316 3522 βασιλει-

366 3529 474 3587 κὰν
493 3535 823 3589 δακτύλίδι·
862 3535 962 3588 καὶ
999 3530 1074 3596 ὡς
1119 3531 1183 3588 τὸ
1235 3533 1422 3603 εἶδεν,
1474 3534 1677 3606 ἔβαλεν
1726 3533 1811 3598 είς
1838 3531 1940 3589 τὸν
1987 3537 2130 3591 νοῦν
2176 3553 2309 3603 του,
