2563 4087
368 237 491 300 184

363 386 684 467 μεγίστην
719 385 1143 467 κακουργίαν
1177 378 1292 445 καὶ
1321 378 1582 464 κλοπὴν
1611 377 2075 466 διαπράξεταιῖ
2129 380 2313 448 του’-
2389 460 2396 465 ‚

362 507 501 549 των
537 479 613 548 δὲ
640 477 859 561 οὕτως
887 480 1068 568 παρὰ
1094 483 1217 548 τοῦ
1248 476 1671 568 ἀστρολόγον
1703 480 2083 567 ῥηθέντων,
2117 482 2328 567 λέγει*Ἰ

365 581 535 671 πρὸς
585 578 797 650 αὐτὸν
845 578 882 648 6
940 582 1064 649 τοῦ
1130 582 1486 668 τεχθέντος
1547 579 1766 667 πατήρ
1787 599 1801 612 ·
1861 579 1878 606 ‘
1898 581 2121 649 πάντα
2171 580 2329 671 ἤδη

365 680 758 770 φιλαλήθως
806 684 900 773 τῷ
948 689 1215 771 βασιλεῖ
1255 682 1338 751 τὰ
1384 685 1500 770 τῆς
1535 681 1744 769 τύχης
1778 684 1902 750 τοῦ
1940 684 2327 768 τεχθέντος

310 812 337 852 5
365 783 605 864 παιδὸς
645 783 1066 873 ἐγνῶρισας;’
1123 780 1162 851 ὃ
1197 782 1335 853 δὲ’
1350 782 1521 870 ναί’,
1558 792 1772 871 φησίν
1815 774 1903 850 ῶ
1941 783 2324 873 φιλόσοφε,

364 884 657 974 ἀκριβῶς
692 885 775 953 τά
814 887 968 974 περὶ
1004 887 1127 953 τοῦ
1166 885 1411 964 παιδὸς
1444 883 1755 966 ἐξετάσας
1782 886 1898 953 καὶ
1928 885 2325 973 συζητήσας

365 976 571 1110 εὗρον
606 1011 832 1074 οτιπερ
869 986 1119 1075 λῃστὴς
1155 985 1505 1073 γενήσεται
1538 987 1652 1054 καὶ
1689 990 1961 1074 λῃστῶν
2010 986 2048 1054 6
2095 995 2319 1073 χαλε-

364 1087 674 1168 πιότατος
708 1090 821 1157 καὶ
859 1086 1383 1178 ὀλεθριώτατοςῖ
1473 1085 1848 1176 υπολαβῶν
1884 1086 1961 1156 δὲ
2007 1085 2042 1155 6
2096 1089 2312 1175 φιλό-

365 1208 575 1277 σοφος
624 1192 801 1277 λέγει
843 1193 936 1283 τῷ
981 1197 1246 1278 βασιλεῖ
1258 1207 1271 1221 ·
1339 1187 1590 1275 ’ἔγωγε
1649 1189 1888 1257 λοιπὸν
1948 1189 2072 1257 τὸν
2134 1190 2319 1277 ἐμὸν

288 1319 336 1358 10
365 1296 575 1360 παῖδα
613 1295 933 1381 ῥυθμίσω
968 1292 1082 1359 καὶ
1123 1289 1545 1360 έκπαιδεύσω
1578 1295 1705 1359 τοῦ
1740 1290 1832 1378 μή
1858 1313 2035 1358 ’τινα
2082 1288 2319 1360 αὐτὸν

361 1393 681 1481 τοιαύτην
717 1394 962 1482 πρᾶξιν
995 1393 1411 1480 νενοηκέναι,
1447 1390 1621 1460 ἀλλὰ
1657 1394 1919 1479 μᾶλλον
1951 1394 2091 1460 τῶν
2118 1389 2313 1481 ἀπη-

364 1495 801 1584 γορευμένων
855 1492 1072 1562 αὐτὸν
1133 1495 1487 1580 πρακτέων
1549 1492 1961 1581 ἀπέχεσθαι,
2018 1496 2159 1561 τῶν
2225 1494 2319 1564 δὲ

364 1593 651 1681 ἀγαθῶν
685 1596 800 1663 καὶ
835 1592 1243 1672 ἀξιεπαίνων
1278 1593 1710 1681 ἀντέχεσθαι.’
1785 1593 1821 1662 6
1858 1596 2090 1682 μέντοι
2136 1621 2311 1680 γεν-

364 1697 601 1783 νηθεὶς
638 1694 1010 1776 παῖςόκτῶ
1054 1698 1271 1784 μῆνας
1307 1699 1427 1784 τῆς
1476 1694 1742 1784 ἡλικίας
1791 1694 2120 1782 ἀμείψας,
2169 1700 2315 1764 τοῦ

288 1824 338 1864 15
365 1797 679 1890 μητρῴου
714 1801 921 1886 μαζοῦ
961 1796 1176 1878 εὐθὺς
1213 1796 1675 1885 ἀποτέμνεται.
1732 1798 1980 1866 τοῦτον
2014 1795 2093 1864 δὲ
2127 1798 2310 1885 μετὰ

364 1900 581 1968 ταῦτα
628 1898 666 1967 6
717 1898 937 1987 πατὴρ
989 1899 1179 1980 ἐντὸς
1230 1906 1540 1991 οἰκίσκον
1588 1898 1772 1978 τινὸς
1825 1901 2313 1987 ἐγκατακλείει,

362 2002 475 2070 καὶ
512 1998 758 2091 ἤρξατο
794 2000 1008 2071 αὐτὸν
1044 2000 1156 2071 διά
1189 2027 1394 2070 τινων
1431 1998 1717 2069 ἁπαλῶν
1762 2002 1876 2069 καὶ
1929 2004 2313 2070 λυσιτελῶν

268 2191 274 2196 ἠ
366 2104 752 2190 ἐδεσμάτων
814 2105 1157 2194 ἐκτρέφειν
1217 2130 1290 2173 τε
1351 2105 1466 2172 καὶ
1525 2101 1964 2192 ἀνατρέφειν,
2023 2100 2107 2169 οὐ
2162 2103 2313 2190 μὴν

365 2198 537 2271 ἀλλά
586 2206 720 2274 καὶ
776 2210 1020 2277 πᾶσαν
1093 2204 1312 2274 αὐτὸν
1380 2203 1626 2294 ἀρετὴν
1699 2203 2113 2273 ἐκδιδάσκειν
2182 2207 2311 2274 καὶ

169 2304 183 2314 ’
267 2309 374 2371 ’ἑο
367 2303 754 2395 σεμνότητα.
840 2308 953 2375 καὶ
1004 2303 1182 2375 οὕτω
1231 2307 1364 2376 συν
1414 2305 1725 2396 ἀκριβεία
1776 2304 1897 2374 τὸν
1948 2303 2111 2374 υἱὸν
2171 2303 2303 2372 ἀν-

337 2407 673 2495 ε’τρεφεν
754 2405 881 2476 οὐκ
943 2417 1049 2476 εἴα
1107 2408 1257 2476 τινὰ
1317 2408 1391 2476 τὸ
1457 2406 1782 2496 παράπαν
1850 2405 2020 2496 πρὸς
2080 2403 2309 2475 αὐτὸν

366 2510 818 2597 εἰσέρχεσθαι,
888 2507 1052 2579 οὐδὲ
1125 2510 1377 2590 ἔξωθεν
1445 2512 1568 2578 τοῦ
1634 2518 1827 2577 οἴκου
1890 2508 2016 2576 τὸν
2085 2512 2310 2577 παῖδα

506 2726 528 2772 1
567 2716 801 2804 κλωπὴν
1005 2718 1401 2804 διαπράξηται
1436 2724 1550 2773 cod.
1565 2761 1577 2785 ‚
1630 2723 1789 2800 quod
1804 2723 2000 2787 quidem
2032 2722 2174 2784 ferri
2121 2737 2309 2841 9ἔνο·

361 2798 501 2841 terat
660 2793 690 2842 2
729 2782 927 2856 οὕτως]
968 2778 1138 2850 οὗτος
1173 2793 1286 2841 cod.
1450 2793 1483 2841 8
1519 2780 1550 2854 ὁ
1588 2781 1963 2855 λεθριότατος
2219 2805 2307 2853 γω

363 2922 426 2958 σε
567 2910 630 2957 10
667 2872 855 2973 ἆιθμύ
994 2910 1054 2958 11
1093 2924 1148 2958 τι
1186 2898 1372 2974 αυτὴν
1511 2899 1852 2972 νενοηκέναι
1887 2908 2104 2970 scripsi·
2140 2921 2308 2957 νενο-

364 2968 604 3040 σηκέναι
649 2977 762 3028 cod.
800 2991 1094 3042 quamquam
1136 2993 1186 3025 ιι.
1226 2978 1424 3027 νοσειν
1468 2973 1808 3041 scriptoribus
1850 2975 2213 3028 recentissimis
2253 2977 2315 3024 st·

363 3043 501 3110 quod
533 3042 676 3092 aliud
707 3050 785 3093 est
819 3045 894 3093 in
907 3044 1119 3095 deliciis.
1169 3046 1288 3094 uide
1326 3043 1406 3094 St.
1446 3043 1546 3094 Th.
1586 3045 1645 3104 5,
1685 3042 1816 3091 1567
1852 3043 1922 3093 D.
1969 3034 2311 3120 ἐπιθυμίαν

361 3112 562 3160 νοσεῖν
632 3117 811 3160 raeter
847 3100 1162 3160 Choridium
1193 3110 1437 3161 Malalas
1474 3124 1670 3177 quoque
1707 3109 1845 3159 dixit
2005 3102 2108 3159 τὸν
2144 3100 2302 3188 ἀπη-

363 3192 574 3245 γορευμ
610 3192 714 3229 νον
908 3180 972 3227 12
1007 3176 1344 3243 πρακταίων
1379 3180 1523 3258 eod.;
1570 3170 1872 3256 πρακτέων
1905 3178 1942 3226 ἰ.
1981 3193 2027 3228 e.
2065 3194 2118 3241 q.
2153 3171 2307 3243 πρά-

362 3294 504 3360 ξεων
638 3298 700 3347 13
737 3291 900 3361 μέντι
1042 3298 1104 3345 14
1139 3287 1169 3348 6
1209 3262 1404 3363 κτῶμη
1545 3297 1609 3347 15
1645 3258 1748 3349 τιτνυ
1855 3295 1918 3344 16
1955 3286 2055 3353 νὸς
2091 3296 2309 3344 euanuit

362 3406 426 3466 έν
461 3413 762 3465 κατακλίει
894 3415 953 3465 1¹2
992 3404 1267 3466 ἀπαλλῶν
1401 3417 1464 3464 18
1501 3379 1790 3480 ἔκτρέφην
1822 3408 1924 3463 καὶ
1960 3403 2310 3479 ἀνατρέφην

496 3484 563 3532 20
597 3469 732 3533 οὖτο
770 3479 1111 3564 συναιριβία
1231 3484 1296 3531 21
1336 3472 1407 3534 οὗ
1441 3484 1576 3533 κεῖα
1609 3484 1751 3535 cod.:
1791 3468 1920 3532 οὐδ’
1964 3477 2092 3531 εἴαῖ
2233 3482 2307 3530 22

361 3546 488 3613 τοῦ]
529 3552 616 3609 τις
652 3551 791 3612 cod.;
828 3566 896 3600 an
932 3549 1036 3616 τῆς
1072 3546 1302 3608 oculas?

2554 3427 2557 3458 i

2554 3755 2557 3786 Ε
