2563 4087
327 233 457 297 246
1149 238 1397 301 Aesopus
1431 236 1459 287 1

338 391 587 482 ,,ναί“.
623 392 931 481 κάκείνη·
973 391 1442 482 ,,άβάσκαντα,
1475 393 1566 482 μὴ
1594 385 1909 483 εἰσέλθῃς
1938 405 2123 483 εἴσω,
2160 398 2291 465 καὶ

127 521 300 574 past).
338 497 586 576 πάντες
622 493 963 583 φύγωσιίς.
1027 496 1143 564 καὶ
1178 496 1410 583 μέντοι
1445 497 1559 564 καὶ
1595 493 1802 584 ἄλλης
1841 497 2292 586 ἐξελθούσης,

305 599 448 681 ,καὶ
485 595 579 677 ὥς
614 594 797 665 εἶδεν
832 594 1075 685 αὐτόν,
1125 604 1549 685 ,,παταχθείη
1587 597 1761 667 σου“
1802 599 2109 686 φαμένης
2150 599 2288 686 ,,τό

334 696 781 789 πρόσωπον“,
815 698 930 767 καὶ
970 700 1228 786 ,,δεῦρο
1258 707 1547 787 εἴσελθε,
1583 697 1754 768 ἀλλὰ
1784 699 1875 788 μὴ
1903 708 2288 788 προσεγγί-

279 828 304 867 5
335 822 461 891 σῃς
512 795 702 887 μοι“,
763 798 1100 868 εἰσελθών
1154 806 1309 888 ἔστη
1362 801 1646 890 ἀντικρὺ
1709 806 1830 888 τῆς
1890 805 2287 889 δεσποίνης.

331 898 372 989 ἢ
422 899 499 971 δὲ
547 903 795 969 τοῦτον
828 902 1241 990 θεασαμένη,
1288 903 1410 982 τὰς
1459 899 1645 982 ὄψεις
1689 900 2068 992 ἀπέστρεψε
2103 903 2288 990 πρὸς

328 1004 453 1072 τὸν
479 999 726 1092 ἄνδρα,
763 1004 1060 1091 φαμένη·
1102 1002 1371 1092 ,,πόθεν
1403 1030 1518 1091 μοι
1549 1008 1753 1072 τοῦτο
1778 1003 1855 1072 τὸ
1883 1006 2080 1091 τέρας
2115 1001 2288 1091 ἤνε-

330 1131 537 1192 γκαςς
580 1110 819 1195 ἔκβαλε
846 1103 1061 1173 αὐτὸν
1094 1109 1217 1174 τοῦ
1258 1104 1629 1194 προσώπου
1665 1104 1872 1192 μου“.
1927 1102 2282 1185 κάκεῖνος·

333 1205 534 1296 ,,ἇ’λις
573 1228 701 1295 σοι,
747 1214 980 1296 κυρία,
1026 1206 1117 1294 μὴ
1154 1204 1336 1275 οὕτω
1385 1207 1663 1275 σκῶπτέ
1684 1234 1819 1294 μου
1859 1206 1983 1275 τὸν
2012 1207 2286 1294 νεώνη-

255 1338 304 1377 ιο
328 1308 523 1378 τον“.
595 1305 638 1396 ἢ
688 1310 795 1378 δέ·
849 1310 1101 1396 »δῆλος
1139 1306 1223 1395 εἶ,
1258 1307 1512 1395 Ξάνθε,
1547 1308 1833 1396 μισήσας
1867 1327 1983 1396 με·
2038 1309 2286 1397 ἑτέραν

329 1410 466 1498 γὰρ
529 1409 915 1498 ἀγαγέσθαι
972 1409 1391 1499 βουλόμενος
1452 1410 1566 1478 καὶ
1636 1419 1800 1490 ἴσως
1866 1409 2287 1496 αἰδούμενος

331 1511 588 1602 φράσαι
612 1539 750 1600 μοι,
778 1510 869 1591 ως
896 1512 1014 1597 τῆς
1042 1514 1164 1600 σῆς
1193 1519 1416 1592 οἰκίας
1442 1510 1885 1600 άναχωρήσω,
1911 1509 2034 1579 τὸν
2061 1537 2287 1580 κυνο-

327 1613 634 1708 κέφαλόν
686 1639 798 1701 μοι
849 1616 1099 1681 τοῦτον
1157 1613 1539 1701 κεκόμικας,
1594 1610 1686 1692 ὥς
1739 1607 1827 1680 ἂν
1877 1611 2002 1700 τὴν
2055 1610 2283 1681 αὐτοῦ
2326 1670 2333 1676 .

330 1717 930 1801 δυσανασχετοῦσα
958 1722 1278 1803 λατρείαν
1307 1713 1534 1803 φύγω.
1586 1713 1706 1794 δός
1733 1741 1846 1801 μοι
1869 1713 1994 1800 τὴν
2022 1715 2288 1802 προῖκά

256 1845 305 1884 15
333 1843 467 1904 μου
526 1817 643 1885 καὶ
705 1815 1196 1905 πορεύσομαι“.
1310 1814 1481 1905 πρὸς
1539 1820 1756 1884 ταῦτα
1814 1819 1942 1883 τοῦ
1989 1814 2283 1894 Ξάνθου

332 1919 775 2006 μεμψαμένου
822 1916 945 1985 τὸν
995 1926 1351 2007 Αἴσωπον,
1405 1915 1499 1997 ὥς
1547 1916 1716 1985 κατὰ
1763 1916 1889 2004 μὲν
1936 1916 2061 2003 τὴν
2109 1915 2285 1985 ὁδὸν

332 2020 572 2091 ἀστεῖά
619 2048 770 2090 τινα
819 2020 1295 2108 φθεγξαμένου
1345 2019 1499 2109 περὶ
1546 2023 1664 2106 τῆς
1716 2020 1790 2088 έν
1836 2023 1934 2110 τῷ
1979 2021 2284 2109 βαδίζειν

332 2121 703 2213 οὐρήσεως,
751 2124 915 2192 νυνὶ
952 2120 1029 2191 δὲ
1066 2121 1235 2212 πρὸς
1280 2121 1406 2210 τὴν
1441 2137 1737 2208 γυναῖκα
1783 2119 1997 2209 μηδὲν
2032 2122 2284 2207 λέγον·

331 2251 474 2312 τος,
508 2235 830 2304 Αἴσωπος
869 2230 1027 2313 ἔφη·
1067 2223 1281 2314 ,,βάλε
1317 2221 1535 2311 αὐτὴν
1584 2229 1682 2302 εἰς
1730 2222 1807 2290 τὸ
1844 2220 2280 2312 βάραθρον.“

257 2366 309 2405 20
336 2328 452 2395 καὶ
482 2324 518 2394 ὁ
547 2325 852 2407 Ξάνθος·
885 2326 1133 2412 ,,παῦε,
1153 2325 1504 2415 κάθαρμα·
1538 2315 1580 2411 ἧ
1617 2322 1744 2393 οὐκ
1773 2321 1946 2392 οἶσθ’
1979 2321 2081 2391 ὅτι
2104 2323 2285 2392 ταύ-

472 2510 499 2558 1
539 2498 865 2574 ἆβάσκαντε
901 2507 953 2557 Κ
987 2506 1022 2555 b
1062 2507 1207 2558 1530.
1246 2507 1395 2557 1534.
1441 2495 1843 2569 άβάσκανλους
1880 2504 1923 2552 Ρ
2097 2506 2129 2554 3
2175 2500 2284 2553 καὶ

335 2569 432 2642 ὥς]
469 2573 572 2627 καὶ
607 2592 702 2630 om.
742 2574 790 2625 Φ
965 2588 1066 2626 σον
1103 2576 1148 2625 Ρ
1324 2568 1557 2639 φαμένη
1596 2573 1643 2623 Ε
1815 2574 1849 2621 4
1882 2577 2001 2636 post
2040 2569 2283 2622 εἴσελθε

334 2660 488 2695 erasa
524 2648 559 2696 1.
596 2661 631 2695 ν
669 2644 714 2705 Q
890 2647 921 2693 5
956 2658 1074 2706 μοι,
1122 2632 1555 2718 καὶ,εἰσελθών
1593 2640 1639 2702 Q
1806 2634 1940 2702 ἔστη
1978 2637 2025 2686 Ε
2050 2638 2105 2688 Η
2143 2632 2282 2703 ἔστη

294 2766 308 2778 ,
333 2718 386 2762 in
432 2706 565 2776 ἔστη
611 2712 821 2761 mutauit
864 2710 910 2772 Q
936 2713 967 2760 2
1141 2711 1172 2759 6
1219 2704 1401 2759 απέστ
1439 2716 1581 2770 εψεν
1624 2707 1705 2770 Φ;
1750 2710 1806 2756 in
1839 2706 1891 2755 D
1929 2713 1976 2768 ψ
2022 2722 2093 2756 ex
2137 2721 2282 2756 corr.

333 2796 405 2829 m.
432 2795 511 2843 pr.
687 2780 716 2830 7
751 2767 1003 2842 ἤνεγγας
1038 2777 1093 2826 Η
1264 2778 1297 2826 8
1335 2725 1574 2839 ἔκβαλλε
1611 2776 1656 2824 E
1685 2776 1738 2824 H
1784 2767 2026 2840 ἔκβαλαι
2062 2773 2107 2822 Ρ

333 2899 366 2948 9
405 2862 597 2974 ἅλ’ῗσοι
634 2894 699 2957 Q,
730 2912 766 2974 ες
809 2903 859 2944 et
894 2904 1150 2946 accentum
1185 2897 1236 2944 in
1271 2910 1383 2944 ras.
1421 2895 1541 2944 add.
1581 2893 1627 2954 Q
1655 2894 1711 2952 23
1749 2882 1876 2950 ἅλις
1911 2895 1964 2941 in
1998 2889 2051 2940 D
2085 2890 2287 2952 factum

335 2981 408 3016 eoe
446 2964 575 3022 αλις
712 2959 1053 3014 υπόσκωπτέ
1090 2963 1136 3012 F
1160 2962 1201 3011 Z
1227 2962 1278 3011 K
1301 2977 1338 3010 v
1475 2976 1588 3026 μου
1624 2976 1717 3011 om.
1754 2959 1803 3009 R
1930 2961 1993 3009 10
2032 2957 2286 3024 μησίσας

334 3032 398 3098 Ζ,
435 3045 551 3111 μιρ.
589 3045 727 3081 corr.
764 3048 834 3082 ex
867 3044 996 3111 μυσ.
1035 3031 1081 3093 Q
1120 3047 1188 3080 m.
1213 3046 1294 3096 pr.
1425 3032 1484 3078 11
1524 3022 1636 3094 γὰρ
1673 3044 1766 3081 om.
1806 3028 1852 3089 Q
1880 3027 1930 3075 D
1957 3027 2002 3076 Ε
2030 3025 2076 3074 F
2102 3025 2142 3074 Z
2169 3025 2223 3075 K
2247 3042 2286 3074 v

474 3092 729 3165 αγέσθαι
765 3099 806 3148 Ζ
853 3091 1183 3166 αγάγεσθαι
1230 3096 1350 3147 RA
1451 3094 1461 3106 '
1512 3098 1574 3145 12
1612 3092 1834 3159 φρᾶσαι
1877 3092 1968 3159 (αι
2002 3095 2056 3143 in
2092 3109 2287 3143 rasura

335 3168 384 3229 Q
413 3168 465 3229 2)
496 3167 542 3229 Q
670 3163 775 3233 σῆς
810 3183 903 3220 om.
943 3167 990 3217 Φ
1014 3166 1049 3215 b
1190 3167 1253 3216 13
1291 3154 1619 3229 κεκόμηκας
1656 3163 1699 3213 Ρ
1722 3163 1759 3212 b
1898 3152 2057 3213 ὦσαν
2094 3161 2143 3223 Q

339 3238 405 3285 14
446 3242 567 3300 post
613 3232 1120 3300 ὃυσανασχετοῦσα
1165 3237 1216 3282 in
1251 3231 1303 3280 D
1349 3235 1547 3283 extrita
1589 3233 1624 3285 l.
1661 3246 1695 3280 ν
1870 3224 1971 3288 δός
2006 3243 2104 3293 μοι
2142 3226 2192 3276 V
2229 3234 2289 3277 ue

336 3305 515 3366 infra:
555 3295 660 3361 δὸς
697 3289 772 3354 αὖ
810 3318 907 3368 μοι
942 3301 1069 3350 ΜΕ
1098 3300 1219 3351 HF
1243 3299 1285 3349 Z
1323 3291 1426 3359 δὸς
1463 3284 1569 3350 οὖν
1605 3313 1703 3364 μοι
1739 3298 1785 3359 Q
1812 3296 1862 3346 D
1888 3297 1937 3347 Φ
1961 3296 2011 3346 R
2035 3296 2169 3357 Κν,
2193 3293 2286 3349 W,

341 3365 464 3434 (δός
500 3371 570 3434 D,
607 3371 648 3420 Z
676 3369 727 3434 1)
835 3372 898 3420 16
933 3363 1037 3435 μὲν
1075 3385 1168 3421 om.
1208 3368 1253 3429 Q
1408 3367 1472 3417 18
1507 3364 1713 3418 νυνίδε
1748 3364 1867 3414 ΕΗ
2007 3356 2191 3428 μὴὸὲν
2227 3363 2289 3413 Η

338 3433 500 3517 μηδὲς
529 3441 572 3489 Ρ
611 3432 784 3490 οὐδὲν
820 3438 867 3487 R
1057 3438 1118 3487 19
1157 3427 1334 3500 βάλλε
1378 3434 1426 3484 Α
1596 3426 1700 3485 τὸν
1736 3430 1790 3498 β.
1828 3433 1865 3482 b
2038 3425 2192 3482 παῦε
2230 3429 2287 3479 D

394 3494 1673 3621 e⁷7IgREH:‘EVQDAFKZVOZP
1801 3491 2289 3551 οὗκοῖσθαΒΑ

338 3570 543 3621 ουκείσ
594 3588 649 3633 α,
687 3572 731 3621 Ρ
