2563 4087
2301 3 2362 7 Q
2383 3 2511 57 ἵ,

370 248 408 311 6
480 312 485 317 .

369 418 488 479 νης
526 393 610 478 τῇ
651 389 959 476 γεννήσει
995 409 1119 458 σου
1155 389 1367 477 τύχης
1404 392 1518 458 καὶ
1548 392 1702 478 περὶ
1738 390 1988 478 ταύτης
2017 388 2319 478 ἀκριβῶς

370 492 894 581 ἀστρολογῆσαι,
945 489 1036 571 ὥς
1083 490 1206 579 ἄν,
1257 499 1323 561 εἰ
1359 498 1496 560 ἔστι
1542 512 1645 561 σοι
1692 494 2081 581 συμφέρον,
2132 491 2320 562 οὕτω

372 596 615 681 πέμψω
653 613 726 662 σε
752 597 846 685 τῷ
877 601 1088 681 πατρί
1112 592 1308 663 σου.“
1364 593 1491 678 τὴν
1519 596 1693 680 γοῦν
1719 593 2038 682 τοιαύτην
2066 592 2321 683 ἀστρο·

371 696 648 783 λογικὴν
700 695 1052 783 συζήτησιν
1102 695 1548 784 ποιησάμενος
1599 695 1634 764 ὁ
1686 696 2060 784 φιλόσοφος
2116 685 2322 785 εὗρεν

317 824 345 865 5
372 795 470 866 ὅτι
507 796 634 867 οὐκ
675 804 811 866 ἔστι
847 799 1199 886 συμφέρον
1236 798 1705 886 προσαχθῆναι
1750 799 1844 889 τῷ
1881 805 2146 886 βασιλεῖ’
2191 798 2321 867 τὸν

370 899 532 968 υἱὸν
568 897 784 967 αὐτοῦ
805 954 824 987 ,
862 905 927 968 εἰ
958 900 1046 987 μὴ
1084 897 1285 969 ἄλλαι
1323 899 1488 969 ἑπτα
1536 898 1775 989 ἡμέραι
1809 900 1973 988 μετὰ
2010 900 2130 967 τὸν
2168 897 2321 989 ὁρι-

371 1003 625 1070 σθέντα
671 1002 908 1089 καιρὸν
956 1001 1139 1086 παρὰ
1186 1005 1310 1070 τοῦ
1362 1001 1743 1090 φιλοσόφου
1795 1002 2187 1070 διέλθωσιν·
2255 1008 2322 1071 εί

182 1130 343 1178 μοις.
372 1103 506 1191 γάρ
541 1102 632 1191 μὴ
669 1101 850 1172 οὕτω
887 1104 1182 1192 γένηται,
1212 1109 1540 1184 κίνδυνος
1577 1108 1659 1191 τῇ
1698 1107 1830 1192 ζωῇ
1868 1106 1992 1171 τοῦ
2034 1107 2315 1173 παιδίου

184 1292 191 1301 ,
371 1205 735 1293 γενήσεται.
830 1208 1044 1274 ταῦτα
1093 1213 1335 1276 τοίνυν
1386 1204 1422 1274 ὁ
1473 1206 1845 1293 φιλόσοφος
1896 1205 2318 1293 καταμαθών

242 1350 257 1367 2
296 1336 344 1376 ιο
370 1305 503 1376 άπὸ
567 1311 684 1395 τῆς
747 1305 1228 1395 ἀστρολογικῆς
1290 1306 1633 1396 μεθόδου,
1681 1307 2104 1396 διεταράχθη.
2145 1328 2156 1333 “
2198 1309 2317 1375 καὶ

376 1410 544 1478 ι’δών
582 1407 796 1478 αὐτὸν
846 1408 880 1476 ὁ
935 1412 1056 1477 τοῦ
1094 1411 1420 1497 βασιλέως
1469 1410 1625 1491 υίὸς
1674 1412 1910 1489 δεινῶς
1961 1407 2316 1497 λυπούμε-

370 1538 522 1598 νον,
564 1509 873 1600 ἐπηρεότα
909 1512 1159 1597 λέγων’
1201 1513 1649 1598 ,,διδάσκαλε,
1685 1520 1758 1581 τί
1780 1510 1961 1580 οὕτω
1991 1521 2318 1600 σκυθρω-

371 1614 501 1691 πὸς
533 1614 779 1698 ’ἐγένου
817 1615 931 1680 καὶ
968 1614 1273 1701 κατηφής
1294 1612 1361 1696 ;“
1430 1612 1466 1683 ὁ
1518 1613 1594 1683 δὲ
1631 1612 2003 1701 φιλόσοφος
2039 1611 2163 1700 τὴν
2199 1618 2317 1681 αἰ-

370 1723 526 1783 τίαν
579 1714 917 1802 δεδήλωκε
962 1718 1057 1805 τῷ
1112 1720 1334 1784 παιδί·
1385 1717 1499 1785 καὶ
1549 1714 1587 1784 ὁ
1638 1731 1796 1794 παῖς
1847 1715 2017 1803 πρὸς
2067 1713 2314 1782 αὐτόν·

295 1846 345 1886 15
377 1823 487 1903 ,,ει’
534 1816 665 1906 ἄρα
713 1820 916 1884 τοῦτο
963 1816 1228 1905 ἀρέσκει
1275 1838 1414 1903 σοι,
1471 1809 1522 1885 ὦ
1570 1816 1968 1904 διδάσκαλε,
2017 1812 2176 1884 οὐδ’
2216 1822 2320 1896 εἰς

372 1916 750 2008 ὁλόκληρον
777 1922 957 2006 μῆνα
992 1922 1086 2010 τῷ
1129 1922 1264 2010 ἐμῷ
1319 1927 1530 2006 πατρί
1571 1946 1642 1987 τε
1677 1920 1791 1987 καὶ
1827 1925 2091 2006 βασιλεῖ’
2134 1915 2318 1986 ἄπο-

372 2021 738 2109 λογήσομαι
774 2017 947 2101 ὅλως
969 2075 986 2108 ,
1023 2020 1177 2090 ἀλλ’
1220 2027 1317 2101 εἰς
1354 2019 1519 2090 ὅσον
1552 2022 1773 2101 θέλεις
1809 2018 2044 2110 καιρὸν
2084 2026 2320 2108 ἔσομαι

371 2121 715 2191 σιωπῶν.“
781 2122 817 2191 ὁ
874 2123 949 2192 δὲ
986 2123 1360 2211 φιλόσοφος
1399 2122 1615 2198 εἶπεν·
1671 2121 1881 2211 ,,άλλ’
1920 2121 2320 2210 ὑπεσχέθην

370 2228 465 2315 τῷ,
502 2233 714 2312 πατρί
744 2244 908 2312 σου,
946 2227 1058 2293 καὶ
1097 2224 1179 2294 οὐ
1220 2226 1518 2314 δύναμαι
1553 2228 1938 2314 παραβῆναι
1971 2224 2091 2305 τὰς
2126 2221 2317 2293 ὕπο-

290 2355 342 2396 20
371 2328 656 2412 σχέσεις·
712 2328 825 2394 καὶ
875 2328 1007 2416 γὰρ
1056 2331 1139 2416 τῇ
1193 2324 1436 2416 αὔριον
1487 2327 1980 2416 ἐπηγγειλάμην
2017 2333 2115 2406 εἰς
2151 2324 2315 2403 ὄψιν

370 2427 556 2519 αὐτῷ
595 2432 1027 2517 παραστῆσαί
1071 2450 1145 2498 σε
1194 2430 1348 2517 περὶ
1400 2428 1587 2519 ὥραν
1624 2431 1951 2519 δευτέραν
1987 2431 2105 2516 τῆς
2141 2426 2316 2515 ἡμέ-

370 2557 527 2618 ρας,
565 2532 678 2598 καὶ
717 2530 798 2599 οὐ
841 2531 1138 2619 δύναμαι
1174 2532 1561 2612 ψεύσασθαι
1587 2531 1826 2623 τούτῳ.
1886 2530 1989 2598 διὸ
2033 2531 2147 2598 καὶ
2176 2527 2312 2598 ἀπὸ

366 2632 489 2720 τὴν
526 2630 766 2721 αὔριον
818 2633 948 2719 ἐγώ
987 2634 1401 2722 κατακρύψω
1454 2634 1747 2721 ἐμαυτὸν
1798 2639 1872 2702 ἔν
1921 2660 2049 2700 τινι
2097 2631 2315 2722 τόπῳ,

367 2736 480 2802 καὶ
520 2735 605 2802 σύ
659 2734 826 2802 κατὰ
876 2735 1000 2822 τὴν
1051 2737 1379 2825 δευτέραν
1430 2733 1618 2823 ὤραν
1663 2738 1782 2822 τῆς
1830 2732 2070 2821 αὔριον
2119 2731 2318 2802 ἄπιθι

289 2861 341 2901 25
370 2834 540 2923 πρὸς
587 2834 711 2902 τὸν
759 2836 1016 2925 πατέρα
1064 2854 1190 2906 σου
1244 2836 1367 2904 τὸν
1414 2837 1691 2924 βασιλέα
1752 2838 1867 2904 καὶ
1929 2843 2315 2924 ἔμπροσθεν

369 2934 583 3005 αὐτοῦ
625 2938 857 3024 στῆθι,
907 2939 1020 3005 καὶ
1076 2944 1187 3006 ἔσο
1235 2940 1508 3007 σιωπῶν
1558 2939 1671 3006 καὶ
1721 2940 2068 3017 παντελῶς
2114 2934 2314 3024 ἄφω-

365 3170 574 3218 dicendi
608 3172 843 3233 exempla
880 3172 1021 3234 apud
1052 3173 1198 3220 istum
1220 3171 1526 3235 scriptorem
1563 3176 1744 3220 eoetant
1768 3177 1853 3237 §at
1877 3173 2043 3219 multa.
2155 3171 2179 3217 1
2221 3183 2315 3234 γε·

370 3231 560 3286 νέσειῖ
596 3233 803 3301 γέννας
840 3237 890 3286 D
1024 3240 1054 3287 5
1094 3232 1252 3288 ἔσται
1291 3245 1341 3287 et
1377 3233 1494 3288 ἔστι
1528 3237 1571 3287 Β
1706 3239 1755 3294 6,
1796 3240 1842 3287 7.
1893 3240 1942 3298 7,
1970 3240 1997 3286 1
2037 3240 2071 3286 l.
2100 3252 2133 3285 ν
2162 3238 2317 3299 finali

366 3311 549 3354 carent
583 3305 701 3354 libri
860 3307 892 3355 6
930 3301 984 3356 εἰ
1022 3343 1033 3354 .
1057 3341 1070 3356 .
1106 3301 1343 3371 γένηται
1386 3308 1438 3355 in
1485 3307 1578 3356 lzoc
1620 3306 1876 3369 scriptore
1909 3306 2177 3367 ferendum

364 3373 447 3422 Izic
482 3375 584 3422 Ioci
616 3389 715 3422 non
751 3372 953 3422 iubetur
985 3389 1118 3436 puet-
1152 3381 1329 3423 tacere
1456 3375 1521 3423 20
1558 3366 1988 3438 ἐπηγκειλάμην
2010 3371 2105 3422 ΑΒ
2246 3373 2312 3422 21

369 3429 523 3506 αὐτῷ
562 3440 635 3489 V:
675 3431 862 3490 αὐτοῦ
896 3439 991 3490 ΑΒ
1154 3436 1440 3503 δευτέραν
1478 3441 1547 3500 cf.
1574 3443 1620 3496 5,
1648 3442 1710 3490 17
1872 3443 1938 3490 22
1984 3432 2167 3515 τοιξτῳ
2202 3441 2239 3493 ἰ.
2265 3455 2311 3490 e.

366 3505 444 3574 τῷ
481 3507 736 3572 βασιλεῖς
774 3516 829 3557 ut
865 3525 965 3559 non
1001 3516 1241 3573 oporteat
1273 3508 1434 3559 ser-ibi
1467 3506 1638 3558 τοῦτο
1676 3504 1790 3570 (om.
1826 3507 1898 3572 D)
2000 3546 2004 3550 .
2052 3502 2167 3557 απὸ
2207 3498 2318 3571 τὴν

363 3578 618 3640 scriptor-2·
650 3593 713 3626 ne
749 3577 945 3640 eripias
