2563 4087
50 3664 55 3741 ἓ

2019 271 2137 334 177

188 410 330 483 κᾶν
366 413 501 499 γάρ
536 439 593 479 τι
602 441 635 492 ς·
664 419 866 500 πενίᾳ
896 421 996 499 εἴη
1027 410 1246 495 συζῶν
1273 406 1316 497 ἢ
1343 418 1465 479 καί
1485 438 1615 478 τινι
1638 418 1914 500 βιωτικῇ
1946 435 2137 500 περι-
2164 451 2206 489 p.
2237 443 2315 481 113

192 522 434 604 πετείᾳ
474 513 777 601 πιέζοιτο,
814 510 967 583 ἀλλ’
1010 510 1192 600 ὅμως
1229 515 1344 582 καὶ
1381 502 1583 592 οὑτος
1617 517 1735 600 τῆς
1766 518 1947 593 ἰδίας
1973 518 2140 601 ζωῆς

195 617 592 705 περιέχεται.
652 614 783 701 ε’γω
817 623 1060 684 τοίνυν
1093 613 1219 683 τὸν
1256 613 1470 682 παῖδά
1509 634 1634 683 σου
1667 615 1917 684 τούτου
1945 615 2141 704 χάριν

191 723 296 811 τῷ
334 721 435 807 σῷ
474 716 934 805 προστάγματι
985 715 1156 806 πρὸς
1207 715 1505 803 ἐμαυτὴν
1558 722 1804 804 ἔλαβον
1825 768 1843 803 ,
1894 714 1985 797 ὦς
2033 715 2142 785 διά

195 820 327 907 τὴν
375 822 501 886 τοῦ
553 817 846 907 κράτους
895 838 1020 886 σου
1073 825 1452 906 θεραπείαν
1500 819 1671 885 κατὰ
1726 817 1940 906 μόνας
1977 815 2137 906 παρ’
2171 846 2196 887 5

195 919 424 991 αὐτοῦ
477 924 847 1006 διαγνῶναι
892 917 1032 988 ὑπὸ
1072 925 1271 998 ποίας
1331 925 1557 998 αἰτίας
1610 919 2009 1007 ἐπεχόμενος
2059 917 2141 987 οὑ

199 1023 594 1111 φθέγγεται.
681 1023 797 1088 καὶ
849 1023 1194 1090 διετέλουν
1256 1020 1808 1108 παντοιοτρόποις
1871 1020 2147 1089 πεύσεσι

197 1125 320 1192 καὶ
369 1130 702 1201 θωπείαις
751 1126 999 1191 τοῦτον
1045 1120 1473 1210 ὑπερχομένη
1521 1123 1635 1190 καὶ
1687 1120 1763 1188 τὸ
1800 1125 1919 1207 τῆς
1957 1125 2146 1209 σιγῆς

195 1209 427 1294 αὑτοῦ
479 1223 773 1312 σκληρὸν
820 1231 1161 1311 μειλιχίοις
1194 1238 1340 1302 τοῖς
1377 1222 1603 1309 λόγοις
1641 1226 2146 1309 διαλεαίνουσα,

200 1326 399 1416 ἄχρις
435 1322 599 1394 δ’του
637 1325 1110 1413 παρεσκεύασα
1144 1327 1395 1393 τοῦτον
1433 1327 1555 1393 ἕνα
1591 1323 1798 1411 λόγον
1833 1350 1941 1412 μοι
1971 1323 2146 1392 ἄπο-
2173 1355 2223 1393 ιο

198 1435 598 1516 κρίνασθαι.
655 1423 739 1495 ὃν
775 1427 863 1512 δὴ
898 1428 1013 1495 καὶ
1051 1424 1344 1514 ὀργίλως
1379 1428 1495 1494 καὶ
1531 1423 1888 1514 ἀποτόμως
1925 1436 2139 1514 φθεγ-

196 1530 494 1617 ξάμενος
531 1527 779 1617 εἰρήκει
812 1528 983 1617 πρός
1017 1555 1100 1616 με
1137 1527 1229 1607 ὥς
1261 1525 1498 1596 “οὑδέν
1534 1548 1664 1614 σοι,
1699 1528 1929 1614 γύναι,
1964 1527 2045 1596 τό
2071 1554 2149 1614 γε

204 1634 347 1699 νῦν
398 1637 553 1715 ἔχον
602 1628 1179 1724 άποκριθῄσομαι,
1238 1627 1427 1718 ἄχρις
1481 1626 1643 1698 ὅτου
1699 1630 1860 1698 ἑπτὰ
1909 1627 2151 1717 ἡμέραι

202 1733 289 1800 τὸ
336 1731 474 1800 άπὸ
525 1732 732 1801 τοῦδε
782 1732 1205 1819 παρέλθοιεν.
1293 1729 1429 1800 εἷθ’
1483 1728 1701 1811 οὕτως
1748 1728 1897 1799 κατ’
1950 1729 2150 1812 ἀξίαν

204 1852 316 1902 σοι
359 1831 898 1921 ἀπολογήσομαιῖ
975 1832 1106 1920 ἐγὼ
1157 1831 1233 1902 δὲ
1268 1831 1491 1923 τούτῳ
1526 1836 1622 1924 τῷ
1658 1832 1844 1925 λόγῳ
1880 1832 2150 1921 σφόδρα
2178 1860 2226 1899 15

210 1939 670 2024 ἐκθροηθεϊσα
723 1936 839 2003 καὶ
891 1934 1199 2023 περιδεὴς
1235 1941 1395 2003 λίαν
1430 1938 1814 2002 καταστᾶσα
1851 1935 1963 2002 καὶ
2002 1960 2141 2001 κιν·

212 2036 405 2128 δυ’νω
461 2034 643 2126 παρὰ
696 2037 818 2105 τοῦ
875 2035 1113 2116 παιδὸς
1175 2033 1653 2124 ὑποβληθῆναι
1710 2032 2150 2124 ὑφορωμένη,

213 2142 538 2208 συνεῖδον
587 2142 970 2226 μηχανικῶς
1022 2137 1143 2206 τὸν
1199 2137 1266 2217 ἐξ
1322 2135 1538 2206 αὑτοῦ
1577 2142 1942 2226 διαφυγεῖν
1998 2135 2144 2205 ὄλε-

212 2252 409 2329 θρον.
484 2238 864 2310 κάντεῦθεν
912 2238 1051 2308 ὑπὸ
1102 2244 1459 2327 σατανικῆς
1511 2241 1853 2327 ἐνεργείας
1890 2264 2152 2329 παρορ-

214 2353 507 2430 μήθεϊσα
542 2341 1062 2430 κατεψευσάμην
1097 2347 1220 2410 τοῦ
1257 2340 1496 2419 παιδός
1526 2361 1679 2430 σου,
1716 2343 1830 2410 καὶ
1859 2346 2152 2430 δολερῶς
2180 2369 2230 2407 20

215 2441 433 2512 αὐτοῦ
501 2444 612 2512 ἐπὶ
664 2448 788 2511 τοῦ
843 2443 1136 2533 κράτους
1191 2463 1318 2513 σου
1370 2443 1814 2533 κατηγόρησα.
1906 2445 2022 2511 καὶ
2073 2443 2150 2509 τό
2180 2479 2223 2517 p.
2254 2470 2330 2508 ιιι

216 2543 610 2635 ἄμαρτηθέν
645 2571 756 2633 μοι
792 2547 1151 2633 ἐπίσταμαι
1200 2547 1314 2614 καὶ
1352 2547 1664 2633 φανερῶς
1700 2549 1904 2612 τοῦτο
1939 2552 2155 2612 καθο-

218 2651 487 2733 μολογῶ
524 2646 612 2734 μὴ
649 2648 819 2715 κατά
855 2673 917 2715 τι
952 2645 1455 2737 ἄπαρνουμένη.
1530 2646 1616 2714 σύ
1670 2644 1735 2713 δ’
1792 2636 1844 2712 ὦ
1889 2647 2156 2733 μέγιστε

219 2752 527 2835 βασιλεῦ,
578 2747 683 2816 ἐπ’
740 2750 885 2836 ἐμοὶ
934 2748 1017 2816 τὰ
1056 2748 1398 2817 δοκοῦντά
1434 2766 1537 2815 σοι
1574 2748 1868 2836 πρᾶξον,
1924 2747 2155 2826 καθώς

220 2844 303 2916 ἂν
338 2848 728 2935 εὑδοκήσειε
763 2849 838 2917 τό
876 2851 1423 2940 θεοκυβέρνητον
1472 2849 1715 2937 κράτος
1759 2848 1920 2918 σου.’
1994 2847 2030 2917 ὁ
2076 2847 2151 2917 δὲ
2177 2875 2230 2916 25

352 3118 383 3164 2
422 3110 608 3180 ἰδίας]
656 3117 710 3164 in
744 3117 972 3180 maryine
1017 3132 1105 3181 γρ.
1146 3110 1370 3173 οἰκείας
1576 3116 1607 3164 6
1646 3113 1965 3181 διαγνῶναι
2012 3116 2154 3165 cod.:

225 3180 564 3246 διαγνοίηνῖ
725 3177 920 3241 αἰτίας
956 3183 1025 3246 cf.
1062 3184 1112 3244 8,
1150 3184 1181 3233 9
1390 3185 1422 3233 9
1458 3199 1560 3233 non
1596 3189 1804 3246 oportet
1840 3182 1999 3232 scribi
2031 3198 2154 3246 μει-

224 3244 578 3314 λιχιωτάτοις
684 3247 1121 3316 διαλεαίνουσα]
1149 3250 1498 3316 permulcens
1604 3252 1669 3299 14
1699 3247 2055 3300 τοαποτοῦδε

228 3317 287 3364 16
328 3309 734 3382 ἔκθροηθεῖσα
778 3320 812 3371 ἰ.
850 3334 896 3367 e.
945 3316 1414 3385 διαταραχθεῖσα
1451 3318 1499 3367 Ρ
1705 3320 1768 3369 17
1804 3310 2155 3381 ὑφορωμένη

225 3390 407 3434 mutata
441 3388 476 3436 l.
514 3399 545 3434 ο
580 3386 633 3435 in
669 3401 712 3434 ω
745 3402 806 3435 m.
834 3401 938 3436 sec.
1050 3381 1265 3444 παιδός
1304 3387 1442 3436 σουί>
1478 3376 1895 3450 ὑποβληθῆναι
1931 3390 2009 3433 est
2042 3384 2077 3432 ι’.
2106 3400 2154 3448 q.

227 3453 441 3516 antiquis
476 3443 1005 3519 ὑποβληθήσεσθαι
1122 3456 1186 3505 18
1213 3451 1489 3504 συνεῖδον
1511 3489 1549 3503 ..
1573 3450 1890 3516 διαφυγεῖν
1915 3458 1969 3500 uc
1994 3444 2156 3513 ἔδοξέ

229 3532 336 3579 μοι,
376 3513 558 3585 ἔγνων
593 3517 646 3575 ὃ.
682 3520 935 3583 deoreu13
974 3522 1044 3584 cf.
1078 3521 1234 3571 Hase
1272 3523 1346 3571 ad
1378 3521 1539 3571 Leon.
1566 3520 1715 3569 Diae.
1752 3535 1806 3585 p.
1841 3519 1941 3568 468
1975 3534 2054 3583 sq.

227 3586 289 3635 23
321 3587 372 3635 in
407 3588 636 3650 maraine
671 3579 753 3638 κε’

296 3676 413 3719 ΕΑΒ.
439 3677 568 3717 Bon.
595 3679 632 3720 1.
864 3668 867 3675 '
1688 3673 1751 3720 12

52 3764 331 4061 L
