2563 4087
297 293 308 303 ..
411 227 545 278 vm

609 372 692 438 ‘H
729 371 897 458 ἀρχή
944 378 1061 457 τῆς
1103 373 1349 456 βίβλου
1395 375 1505 437 ἔνε
1549 368 1792 448 οὕτως·

624 481 759 541 Τοῦ
803 474 1264 560 μυθογράφου
1310 477 1623 539 Συντίπα
1667 471 1837 538 κατὰ
1883 473 2183 557 Σύρους,

614 580 873 661 μᾶλλον
917 574 992 642 δὲ
1022 579 1318 656 Περσῶν
1361 577 1483 640 τοῦ
1529 579 1751 660 σοφοῦ
1798 575 2253 658 λογογράφου,

617 675 787 761 αὕτη
830 676 1138 761 πέφυκεν
1180 672 1269 760 ἣν
1313 675 1584 759 βλέπεις
1629 675 1880 756 δέλτος,
1930 676 2109 759 φίλε.

527 782 568 844 5
614 773 699 862 ἣν
745 779 857 842 καὶ
904 784 1230 863 Συρικοῖς
1273 788 1414 853 τοῖς
1458 777 1685 861 λόγοις
1728 776 2197 861 γεγραμμένην

615 880 708 956 εἰς
750 876 873 963 τὴν
918 884 1278 963 παροῦσαν
1323 875 1525 954 αὐτὸς
1560 876 1845 942 Ἑλλάδα
1891 878 2152 962 φράσιν

574 976 990 1065 ’μετήγαγρξρ
1033 1003 1104 1045 τε
1149 981 1261 1044 καὶ
1305 981 1615 1063 γέγραφα
1657 975 1783 1062 τὴν
1826 981 2091 1061 βίβλον,

610 1085 746 1146 τῶν
789 1083 1270 1185 γραμματικῶν
1317 1078 1592 1163 ἔσχατός
1634 1101 1711 1161 γε
1753 1079 2131 1162 τυγχάνων,

605 1179 1107 1266 Ἀνδρεόπωλος
1151 1180 1449 1264 Μιχαήλ,
1497 1184 1798 1265 Χριστοῦ
1845 1180 2094 1264 λα’τρις,

486 1285 566 1348 10
609 1286 813 1367 ἔργον
856 1280 1178 1358 τεθεικώς
1221 1282 1810 1366 προστεταγμένον
1855 1281 2011 1345 τόδε

610 1382 794 1465 παρὰ
838 1387 1162 1468 Γαβριήλ,
1209 1387 1333 1448 τοῦ
1378 1383 1803 1467 μεγιστάνων
1847 1382 2107 1464 κλέους,

609 1478 861 1561 δουκός
903 1487 1237 1567 σεβαστοῦ
1278 1484 1540 1560 πόλεως
1581 1485 2026 1567 μελωνύμου»

607 1582 680 1660 ὅς
725 1585 869 1651 ἐστι
913 1589 1213 1668 Χριστοῦ
1254 1583 1513 1670 θερμὸς
1558 1582 1770 1660 ὅντως
1811 1580 2099 1668 οἰκέτης·

607 1681 683 1762 ὃς
727 1688 840 1751 καὶ
885 1688 1244 1771 διωρίσατο
1290 1690 1642 1769 γραφῆναι
1684 1687 1861 1760 τάδε,

526 1796 529 1799 ’
609 1785 708 1852 ὅτι
754 1811 831 1871 γε
873 1781 961 1871 μὴ
1007 1787 1330 1872 πρόσεστι
1366 1785 1707 1870 Ῥωμαίων
1750 1790 2025 1871 βίβλοις.

483 1891 561 1954 16
605 1887 645 1974 ἡ
693 1888 1054 1974 συγγραφὴ
1097 1885 1229 1973 γὰρ
1269 1888 1393 1972 ἥδε
1436 1883 1594 1965 τούς
1637 1889 2053 1973 κακεργάτας

606 1991 918 2075 διασύρει
962 1988 1435 2074 μάλιστα,·καὶ
1479 1992 1648 2073 πρὸς
1688 1993 1783 2077 τῷ
1825 1991 1999 2057 τέλει

606 2090 878 2176 πράξεις
923 2091 1187 2158 ἐπαινεῖ
1228 2090 1347 2169 τας
1390 2096 1611 2168 καλῶς
1657 2092 2115 2175 εἰργασμένας.

392 2195 636 2260 codicis
681 2196 873 2279 uitiaL
891 2196 1198 2281 pleraque
1250 2195 1519 2258 sustulit
1559 2193 1908 2260 Matthiae:
1968 2215 2135 2281 quae
2181 2196 2331 2260 sub-

391 2296 539 2378 icio,
588 2294 857 2382 erroribj
888 2319 916 2359 ε·
946 2305 1165 2361 tamen
1209 2295 1339 2381 qui
1366 2297 1434 2359 in
1465 2295 1844 2360 accentibus
1873 2304 2123 2360 tantum
2155 2317 2330 2362 com-

390 2398 784 2485 missisunt,
820 2398 1340 2482 praetermissis:
1392 2398 1422 2459 1
1463 2392 1562 2459 Ὁι
1601 2397 1610 2481 Ι
1649 2399 1847 2471 οὗτος
1882 2396 1894 2480 Ι
1931 2396 1972 2459 2
2016 2398 2174 2473 τοῦς
2214 2414 2332 2461 σο-

390 2500 566 2581 φοῦς
594 2494 1093 2583 λογογράφουςε
1139 2500 1424 2563 correxit
1454 2497 1740 2563 Grauert
1778 2499 1789 2581 Ι
1826 2487 1875 2560 4
1898 2498 2286 2580 πέφυκενῆς
2320 2499 2325 2582 Ι

388 2600 430 2664 5
471 2593 562 2682 ἦν
598 2600 609 2684 Ι
649 2602 934 2681 συρικῆς
972 2599 982 2683 Ι
1019 2599 1060 2663 6
1107 2597 1315 2663 ἐλαδα
1354 2599 1365 2685 Ι
1404 2599 1443 2664 8
1486 2596 2031 2681 τογραμματικὸν
2069 2601 2078 2682 Ι
2119 2598 2159 2661 9
2203 2596 2328 2662 α’ν-

389 2694 774 2782 ὃρεὸπωλος
802 2693 1048 2787 μιχάἣλ
1087 2700 1098 2785 Ι
1137 2702 1386 2783 λάτρης
1420 2700 1430 2785 Ι
1476 2701 1555 2763 10
1584 2689 1750 2780 πρὸς
1777 2721 1908 2762 τετ.
1952 2699 1962 2782 Ι
2005 2700 2080 2762 11
2114 2720 2328 2778 παρα-

389 2796 675 2884 γαβριήλ
727 2806 735 2879 Ι
786 2797 1214 2883 μεγιστάνων
1258 2801 1532 2866 Coraes:
1578 2799 1991 2884 μεγιστάνου
2053 2804 2063 2879 Ι
2130 2801 2208 2864 13
2239 2797 2331 2876 ὦς

391 2898 577 2965 ἐστὶν
615 2907 624 2982 Ι
662 2904 935 2986 θερμῶς
959 2898 1158 2978 ὄντος
1180 2901 1470 2986 οἱκέτηςΙ
1504 2902 1584 2964 14
1605 2898 1696 2977 039
1732 2902 1743 2987 Ι
1784 2896 1970 2986 διῶρ.
2011 2902 2022 2985 Ι
2065 2902 2143 2965 15
2159 2898 2327 2984 γεμὴ

388 3001 565 3085 πρόσ
612 3003 754 3068 ἐστι
802 3026 859 3086 ρ.
904 3004 911 3088 Ι
956 3004 1034 3069 16
1076 3005 1198 3088 ἥδε
1237 3004 1247 3085 1
1292 3005 1384 3078 17ν
1414 2998 1690 3086 διάσύρι
1727 3008 1738 3079 Ι

514 3104 619 3170 De
664 3102 1014 3187 Gabriele,
1071 3105 1414 3169 Melitenes
1471 3103 1637 3169 duee
1696 3104 1826 3187 (11.
1865 3103 1993 3185 12),
2054 3103 2327 3191 Compa-

388 3205 542 3284 retii
598 3206 761 3270 haee
817 3207 1126 3294 exposuit
1182 3209 1271 3292 (p.
1303 3206 1416 3291 30)
1478 3206 1808 3271 ‘Melitene
1864 3226 1975 3269 era
2025 3204 2080 3269 il
2135 3226 2327 3293 eapo-

388 3304 581 3414 luogo
636 3306 817 3372 della
870 3318 1052 3373 terza
1109 3308 1458 3389 Armenia,
1516 3306 1636 3371 che
1688 3305 1744 3374 il,
1792 3306 1961 3374 duca
2013 3304 2329 3372 Gabriele

384 3429 576 3474 verso
637 3410 701 3473 la
753 3409 882 3478 fine
938 3408 1046 3473 del
1101 3408 1317 3475 secolo
1364 3409 1471 3473 XI
1513 3429 1803 3494 reggeva
1848 3431 1888 3474 a
1932 3429 2122 3475 nome
2176 3407 2327 3472 dell’

383 3509 631 3596 impero
677 3512 1035 3595 bizantinO,
1096 3511 1205 3577 dal
1251 3511 1443 3599 quale
1501 3509 1629 3597 egli
1679 3511 2186 3577 nominalmente
2231 3509 2329 3574 di-
