2563 4087
1113 247 1218 299 111.
1256 264 1300 301 s.
1339 249 1387 297 2.
1941 238 1944 247 “
2138 246 2218 310 31

260 392 344 459 ἐκ
381 391 503 475 τῆς
540 388 907 477 σαχοὲρεως.
964 391 1186 476 ἐκείνη
1225 387 1303 457 δὲ
1326 387 1409 457 τό
1434 414 1506 457 τε
1533 388 1752 475 σάχαρ
1778 389 1890 456 καὶ
1927 387 2004 457 τὸ
2044 388 2220 479 ὀρύ-

254 499 406 574 ζιον
473 494 548 560 ἐν
600 495 695 583 τῷ
749 494 1110 581 μανδυλίῳ
1163 488 1488 579 κατέδησε
1537 491 1652 559 καὶ
1708 488 1784 558 τὸ
1838 491 2218 577 μανδύλιον

260 590 608 681 παρέθετο
644 594 815 680 πρὸς
848 592 945 683 τῷ
984 596 1234 683 παιδίῳ
1269 594 1366 683 τῷ
1406 590 1861 682 ὑπηρετοῦντι
1894 592 1971 662 τὸ
2010 594 2217 682 ἐργα-

261 693 583 785 στήριον,
636 696 753 763 καὶ
801 692 1047 764 αὐτίκα
1098 696 1504 781 συνεισῆλθε
1561 698 1655 785 τῷ
1706 692 1911 781 ἀνδρὶ
1966 697 2079 764 ε’πὶ
2134 694 2212 763 τὸ
2242 724 2348 772 μιι
2366 722 2420 762 B.

264 795 637 885 ἐνδότερον
674 807 943 885 οἴκημα,
971 797 1094 864 τοῦ
1126 799 1478 885 πληρῶσαι
1510 795 1588 865 τὸ
1617 795 2057 883 ποθούμενον
2089 801 2214 866 τοῦ
2242 824 2270 865 5

263 900 821 987 ἐργαστηριακοῦ.
897 895 933 967 ὁ
985 896 1062 966 δὲ
1113 913 1274 976 παῖς
1324 898 1540 977 λύσας
1587 895 1722 966 ἀπὸ
1770 902 1893 966 τοῦ
1940 904 2210 986 μανδυ-

260 1007 431 1070 λίου
468 999 543 1068 τὸ
582 998 851 1089 όρύζιον
885 1000 1002 1069 καὶ
1038 998 1114 1070 τό
1144 998 1388 1089 σάχαρ,
1418 1004 1590 1086 χοῦν
1618 997 1771 1067 ἄντ’
1804 998 2039 1069 αὐτῶν
2075 1007 2182 1070 εἰσ
2205 1039 2222 1049 -

259 1100 505 1191 βαλών
540 1109 638 1182 εἰς
672 1102 750 1172 τὸ
784 1100 1163 1190 μανδύλιον
1203 1098 1537 1189 ἐνέδησεν.
1611 1099 1653 1189 ἦ
1706 1100 1786 1170 δὲ
1831 1101 2010 1191 γυνὴ
2044 1104 2222 1171 θᾶτ-

257 1231 395 1273 τον
438 1206 719 1281 ,ἐκεῖθεν
786 1206 1160 1286 ἐξελθοῦσα
1213 1203 1592 1291 σύντρομος
1653 1204 1767 1271 καὶ
1824 1204 2220 1293 φοβουμένη

260 1305 416 1375 ύπό
467 1308 584 1393 τῆς
634 1309 1002 1396 ἐντροπῆς,
1066 1303 1287 1395 ἄρασα
1333 1304 1412 1373 τὸ
1464 1303 1883 1393 μανδύλιον,
1936 1311 2036 1385 εἰς
2095 1304 2221 1392 τὴν
2246 1333 2300 1373 ιο

265 1410 521 1493 ἑαυτῆς
558 1414 787 1478 οἰκίαν
824 1406 1179 1497 ἄπήρχετο.
1234 1403 1413 1495 (καὶ)
1442 1409 1849 1476 εἰσελθοῦσα
1885 1406 2069 1495 παρὰ
2097 1406 2221 1478 τὸν

261 1508 530 1596 ἄνδρα,
584 1514 860 1596 ἔγγιστα
908 1509 1162 1578 τούτου
1221 1508 1300 1577 τὸ
1360 1509 1742 1596 μανδύλιον
1804 1514 2043 1597 ἔθηκε,
2103 1511 2221 1579 καὶ

262 1613 592 1697 εἰσῆλθεν
631 1618 732 1691 εἰς
778 1611 854 1680 τὸ
895 1610 1252 1700 ἐνδότερον
1304 1613 1428 1680 τοῦ
1466 1610 1830 1699 οἰκήματος
1876 1614 1999 1679 τοῦ
2045 1609 2219 1699 ἀγα-

260 1727 424 1801 γεῖν
460 1712 735 1802 χύτραν.
803 1711 840 1780 ὁ
881 1712 957 1782 δὲ
993 1712 1167 1801 ἀνὴρ
1206 1710 1416 1801 αὐτῆς
1453 1712 1668 1793 λύσας
1703 1711 1780 1782 τὸ
1818 1712 2218 1800 μανδύλιον,

259 1815 402 1904 ὁρᾷ
440 1818 612 1901 χοῦν
650 1815 845 1894 ἐντὸς
878 1822 1002 1884 καί
1029 1834 1195 1903 φησι
1229 1814 1401 1903 πρὸς
1438 1812 1687 1902 αὐτήν·
1746 1805 1848 1902 ,,ὦ
1884 1813 2117 1903 γύναι,
2153 1822 2227 1883 τί
2248 1840 2298 1881 15

264 1922 467 2006 ,,ἔστι
495 1920 740 1999 τοῦτο;
792 1920 966 2003 χοῦν
1001 1943 1113 2004 μοι
1150 1915 1469 2003 ἐκόμισας
1503 1919 1765 2004 μᾶλλον
1799 1911 1843 2003 ἢ
1878 1914 2217 2004 ὀρύζιον.“

257 2019 537 2108 γνοῦσα
571 2017 649 2088 δὲ
683 2016 844 2088 καθ’
888 2017 1137 2107 ἑαυτὴν
1183 2015 1224 2108 ἦ
1274 2016 1454 2105 γυνὴ
1507 2016 1599 2099 ὦς
1649 2016 1685 2086 ὁ
1725 2031 1886 2098 παῖς
1920 2019 2045 2086 τοῦ
2082 2047 2218 2106 μυ-

262 2122 488 2211 ρεψοῦ
538 2124 743 2190 τοῦτο
791 2120 1193 2211 εἰργάσατο,
1252 2129 1602 2210 σινίατρον
1656 2117 1825 2209 [ἤτοι
1870 2118 2216 2208 κόσκινον]

258 2223 425 2291 ἀντὶ
461 2230 863 2305 τζουκαλίου
904 2222 1168 2311 ἐκόμισε
1202 2224 1317 2291 καὶ
1347 2221 1527 2309 λέγει
1560 2225 1655 2314 τῷ
1685 2220 1896 2311 ἀνδρί
1911 2240 1925 2254 ·
1969 2225 2097 2309 ,,έν
2132 2226 2217 2312 τῇ

267 2322 584 2415 ,,ἆγορᾷ,
624 2315 676 2393 ὦ
713 2321 904 2414 ἄνερ,
940 2325 1401 2414 πορευομένης
1437 2351 1610 2412 μου,
1662 2329 1868 2404 ἵππος
1902 2351 2015 2411 μοι
2051 2324 2212 2393 ἐλά-
2241 2349 2293 2388 20

260 2446 542 2516 ,,κτισε,
604 2427 719 2495 καὶ
778 2427 1097 2495 πέπτωκα
1158 2428 1274 2495 καὶ
1335 2426 1411 2495 τὸ
1468 2424 1803 2514 ἀργύριον
1855 2424 2209 2495 ἀπώλεσα·
2238 2451 2347 2501 με
2377 2454 2422 2491 13.

259 2526 557 2618 ,,διόπερ
592 2527 715 2596 τὸν
751 2530 923 2614 χοῦν
955 2530 1205 2598 τοῦτον
1245 2529 1646 2615 ἐκλεξαμένη
1683 2524 1981 2617 ἤγαγον,
2033 2524 2218 2608 ὅπως

262 2628 544 2719 ,,αύτὸν
589 2638 990 2719 κοσκινίσω,
1050 2636 1111 2699 εἰ
1166 2639 1330 2709 ἴσως
1374 2629 1452 2699 τὸ
1501 2628 1834 2719 ἀργύριον
1885 2625 2214 2717 εῦροιμι.“

405 2829 437 2877 2
472 2818 820 2893 μανδύλιον]
861 2826 1167 2879 Herodian.
1204 2829 1385 2894 Epim.
1421 2844 1478 2893 p.
1505 2827 1603 2877 150
1637 2826 1819 2877 Boiss.
1890 2821 2219 2894 μανδήλιον

256 2899 650 2960 interpretatur
671 2891 1104 2961 χειρόμακτρον.
1127 2895 1264 2948 Lex.
1292 2895 1493 2947 Sched.
1515 2909 1568 2946 V.
1599 2893 1700 2944 864
1723 2896 1777 2945 in
1799 2895 1982 2946 Boias.
2008 2894 2216 2947 Anecd.

255 2967 312 3026 4,
348 2965 457 3014 410
491 2956 921 3041 χειρόμακτρον,
958 2955 1313 3029 μανδύλιονς
1348 2963 1436 3015 ubi
1466 2963 1584 3013 uide
1620 2964 1741 3016 adn.
1904 2967 1937 3015 3
1973 2956 2039 3015 τὰ
2076 2980 2216 3015 παι-

258 3029 402 3084 δίον
447 3047 526 3099 τῳ
563 3030 736 3081 ABV:
781 3047 922 3083 corr.
969 3031 1318 3083 Boissonade
1465 3023 1796 3112 ὑπηρετοῦν
1844 3047 1901 3082 τι
1946 3031 1996 3082 V
2139 3028 2218 3098 τῷ

259 3092 736 3180 ἐργαστηριακῷῖ
788 3099 941 3150 habet
983 3101 1183 3165 quidem
1226 3091 1293 3152 τὸ
1342 3091 1718 3166 έργαστηριον
1764 3115 1862 3164 quo
1909 3100 2220 3162 defendatur

406 3170 439 3218 6
467 3167 645 3226 λυσας
668 3169 794 3217 mire
816 3168 1034 3225 dictum,-
1068 3168 1139 3231 cf.
1163 3171 1198 3219 l.
1229 3170 1295 3219 14
1318 3174 1368 3217 et
1394 3169 1477 3230 D;
1504 3184 1618 3218 num
1641 3161 1898 3231 κλέψαςῖ
1933 3161 2219 3233 συλήσαςῖ

257 3238 292 3288 8
330 3226 615 3287 ἐνέδυσεν
650 3236 700 3285 V
806 3237 868 3285 11
905 3231 1008 3286 καὶ
1040 3237 1215 3314 ediec-i
1329 3237 1393 3285 12
1431 3229 1664 3302 ἔγκιστα
1701 3234 1751 3285 V
1791 3293 1806 3312 e
1867 3236 1932 3286 13
1970 3225 2220 3301 ἀγαγεῖν

258 3306 293 3355 ἰ.
322 3318 372 3354 e.
403 3298 610 3369 φέρειν
636 3304 724 3365 16;
761 3303 811 3353 V
927 3305 991 3354 18
1026 3319 1158 3367 ητοι
1191 3293 1465 3355 κόσκινον
1485 3304 1688 3354 seclusi.
1737 3316 2021 3354 κοσκυνον
2046 3303 2218 3352 ABV:

257 3362 542 3423 κόσκινον
575 3370 940 3448 Βοίεειοηαᾶε,
979 3372 1027 3421 D
1145 3368 1443 3439 σινίατρον
1469 3372 1724 3422 cribrum.
1774 3371 1913 3421 Lob.
1953 3370 2081 3421 Phr.
2121 3371 2215 3420 131

405 3441 503 3490 19-
528 3437 868 3501 τζουκαλιον
912 3441 947 3489 ἰ.
983 3455 1030 3493 e.
1076 3433 1296 3504 χύτραν
1466 3441 1535 3491 20
1586 3435 1708 3504 μοι]
1748 3440 1856 3503 μεῖ
2029 3439 2095 3487 23
2148 3452 2219 3487 ex

260 3504 578 3559 κοσκινίσω
612 3511 664 3557 in
700 3507 748 3556 V
781 3523 843 3560 m.
869 3523 951 3573 pr.
987 3508 1117 3571 fecit
1151 3505 1475 3559 κοσκυνίσω
1591 3502 1644 3558 εἰ
1678 3507 1892 3570 scripsi:
1931 3501 2033 3554 καὶ
2066 3505 2218 3561 libri,-

260 3577 363 3626 aeed
393 3575 498 3624 tuin
533 3575 820 3626 addendum
853 3581 970 3626 erat
1004 3565 1095 3626 ἄν.
1135 3576 1206 3639 cf.
1241 3576 1294 3625 D
