2563 4087
425 220 507 283 98
1232 221 1384 270 vm.
1421 220 1455 268 i.
1494 223 1541 271 3.

428 365 539 430 ε’πὶ
579 365 784 430 πλέον
835 367 1065 430 ἵστατο
1118 359 1495 446 ἀναγκάζον
1532 356 1756 446 αὐτὴν
1792 362 1908 427 καὶ
1955 358 2081 448 τὴν
2131 367 2364 430 αἰτίαν

423 467 539 550 τῆς
577 462 795 550 λύπης
833 461 1044 549 αὐτῆς
1079 460 1309 550 ἥρω’τα
1350 460 1716 548 ἐπιμόνως
1754 462 1869 529 καὶ
1907 461 1990 530 οὐ
2029 461 2364 585 πρότερον

423 564 684 650 ἀφῆκεν
722 561 938 647 αὐτὴν
987 561 1024 630 6
1063 578 1261 647 παῖς,
1313 560 1501 649 ἀχρις
1554 562 1635 630 οὑ
1687 561 1768 629 τά
1805 564 1928 631 τοῦ
1968 563 2362 651 πράγματος

425 693 516 743 ως
556 666 869 750 ἐγένοντο
904 662 1072 732 κατὰ
1107 665 1310 753 μέρος
1345 662 1385 749 ἡ
1422 662 1599 752 γυνὴ
1634 666 1728 753 τῷ
1767 669 2104 754 παιδαρίῳ
2135 665 2353 733 διεσά-

373 788 658 853 5φησεν.
733 764 769 832 6
820 764 896 834 δὲ
950 780 1110 845 παῖς
1166 764 1466 844 ἀκούσας
1512 764 1682 833 κατὰ
1731 766 1971 852 μέρος,
2018 768 2102 852 τῇ
2155 773 2366 854 γραίᾳ

425 867 912 954 διηρμήνευσεν
949 865 1191 935 είπιόν·
1242 864 1426 953 ,,ἐγω
1476 869 1593 952 τῆς
1643 866 2022 953 κρατούσης
2058 888 2132 935 σε
2190 886 2364 953 συμ-

424 973 640 1054 φορᾶς
693 966 1145 1057 ἐλευθερώσω.
1220 968 1337 1034 καὶ
1376 964 1497 1034 ἐάν
1544 966 1757 1055 θέλῃς
1806 971 1919 1034 ἵνα
1958 986 2063 1034 σοι
2110 967 2370 1053 ποιήσω
2469 1042 2470 1047 1

425 1067 587 1154 ὅπερ
625 1071 822 1155 λέγω,
862 1069 980 1148 δός
1009 1096 1127 1157 μοι,
1147 1067 1477 1155 ἀργύριον
1507 1065 1691 1147 ὅπως
1720 1066 2038 1156 ἀγοράσω
2067 1066 2362 1156 κάρυα.“

424 1169 464 1255 ἡ
517 1170 592 1237 δὲ
628 1169 804 1257 γυνὴ
858 1177 1023 1258 ἔφη·
1082 1170 1253 1258 „gem
1300 1169 1551 1255 ταύτης
1601 1168 2068 1257 ἐλευθερώσῃς
2117 1196 2202 1256 με
2253 1173 2370 1256 τῆς

355 1299 404 1336 10
432 1270 789 1361 συμφορᾶς
823 1273 938 1339 καὶ
975 1270 1386 1339 ἀνελπίστου
1424 1277 1692 1356 ζημίας,
1745 1268 1942 1338 δώσω
1980 1289 2085 1337 σοι
2118 1270 2197 1338 τὸ
2241 1269 2394 1356 ἀρ-ἡ

224 1397 414 1443 1).123B.
435 1372 743 1460 γύριον.“
816 1372 969 1439 τότε
1004 1373 1179 1457 λέγει
1225 1369 1261 1438 6
1317 1386 1477 1450 παῖς
1523 1373 1605 1459 τῇ
1658 1377 1914 1457 γραΐδι·
1976 1368 2366 1461 ,,ύπόστρε-

432 1487 612 1559 ,,ψον
661 1481 757 1553 είς
792 1472 911 1541 τὸν
947 1470 1240 1558 ἄρχοντα
1295 1469 1438 1558 [τὸν
1472 1470 1797 1559 ἡγεμόνα]
1837 1473 1955 1539 καὶ
1991 1473 2141 1542 εἰπὲ
2178 1472 2370 1562 αὐτῷ

430 1572 725 1663 ,,οὕτως·
786 1581 1137 1662 ,,γνωρίζω
1188 1594 1326 1657 σοι,
1372 1572 1569 1660 κύριέ
1597 1599 1770 1660 μου,
1820 1571 1912 1652 ὥς
1961 1590 2142 1662 τρεῖς
2195 1574 2370 1644 σύν-

432 1700 717 1762 ,,τροφοι
751 1666 923 1762 ἦσαν
961 1679 1032 1742 οἱ
1062 1672 1429 1754 δεδωκότες
1478 1700 1589 1760 μοι
1635 1673 1712 1742 τὸ
1764 1672 2095 1763 ἀργύριον
2143 1676 2262 1744 καὶ
2299 1677 2373 1742 τὸ

352 1802 399 1838 15
433 1783 802 1862 ,,χρυσίον,
852 1777 1428 1863 παραγγείλαντες
1474 1801 1586 1862 μοι
1632 1777 1873 1863 μηδενὶ
1922 1775 2054 1843 ἀπὸ
2101 1776 2372 1844 τούτων

429 1878 617 1962 ,,τιόν
667 1881 871 1964 τριῶν
919 1876 1332 1963 συντρόφων
1383 1880 1625 1944 δοῦναι
1671 1875 1746 1944 τὸ
1796 1884 2121 1964 χρυσίον,
2169 1885 2240 1948 εἰ
2282 1876 2372 1965 μὴ

432 1978 593 2066 „noch
632 1983 704 2047 οί
732 1993 912 2064 τρεῖς
950 1980 1241 2066 παρῶσι·
1279 1979 1394 2045 καὶ
1430 1980 1566 2046 νῦν
1602 1975 1678 2045 τὸ
1708 1985 1997 2067 χρυσίον
2028 1980 2173 2048 ἐστὶ
2203 1976 2370 2066 παρ’

433 2084 658 2167 ,,ε’μοί,
699 2081 813 2148 καὶ
848 2078 972 2167 τὴν
1012 2079 1418 2166 ἐνδοξότητά
1454 2099 1579 2148 σου
1623 2079 1936 2166 ἱκετεύω,
1975 2085 2090 2149 ἵνα
2126 2077 2372 2168 ὁρίσῃς

434 2182 595 2266 »καὶ
645 2188 1153 2270 παραγίνωνται
1198 2181 1314 2250 καὶ
1375 2185 1446 2248 oc
1491 2196 1671 2269 τρεῖς
1720 2179 1925 2268 ὁμοῦ·
1980 2183 2095 2249 καὶ
2150 2179 2373 2260 οὕτως

353 2310 403 2349 20
433 2280 615 2369 „gyso
654 2281 891 2360 αὐτοῖς
926 2279 1050 2349 τὸν
1087 2280 1544 2370 συντροφικόν
1579 2281 1963 2369 θησαυρόν,
2000 2277 2083 2349 ὂν
2114 2288 2377 2370 ἔθηκαν

434 2389 580 2470 „seg
631 2384 782 2470 ἐμέ,
834 2381 1235 2451 ἀποδώσω.“
1311 2381 1548 2452 λοιπὸν
1598 2381 1639 2468 ἡ
1693 2382 1872 2469 γυνὴ
1923 2385 2034 2451 ε’πὶ
2088 2383 2369 2488 ταύταις

432 2500 579 2562 ταῖς
626 2488 749 2551 τοῦ
801 2483 1042 2574 παιδὸς
1090 2492 1573 2573 παραγγελίαις
1615 2471 1832 2552 πολλα
1868 2461 2373 2573 εὐφρανθεῖσα,

430 2585 644 2665 εὐθυς
681 2593 780 2665 εἰς
814 2584 934 2654 τὸν
967 2583 1264 2673 ἡγεμόνα
1300 2582 1680 2672 υπέστρεψε
1717 2587 1831 2653 καὶ
1866 2583 1949 2653 τά
1975 2589 2099 2653 τοῦ
2128 2587 2373 2664 παιδὸς

433 2687 729 2774 ῥήματα,
779 2685 977 2774 ὀλίγα
1027 2688 1141 2755 καὶ
1180 2686 1476 2774 φρόνιμα
1513 2683 1712 2773 ὄντα,
1751 2684 1899 2755 εἷπε
1931 2691 2027 2776 τῷ
2065 2684 2367 2774 ἡγεμόνι.

354 2785 472 2855 2ᾰό
527 2787 603 2855 δὲ
659 2786 827 2856 ἰδών
880 2787 1098 2872 αὐτὴν
1147 2786 1447 2873 εὐλόγως
1506 2788 1845 2872 λέγουσαν
1897 2788 2012 2855 καὶ
2063 2792 2374 2874 δικαίως,

434 2889 855 2975 διαμηνύσας
918 2889 1080 2966 τούς
1145 2888 1485 2976 ἐμπόρους
1546 2887 1752 2974 λέγει·
1834 2940 1877 2975 „
1894 2893 2171 2967 δικαίως
2231 2892 2375 2957 νῦν

438 2995 749 3075 ,,ἔγνωκα
799 2986 898 3056 ὅτι
931 2987 974 3076 ἡ
1010 2993 1223 3077 γραῦς
1259 2987 1431 3076 ὑμῖν
1467 2986 1872 3058 ἀνθίσταται
1919 2991 2033 3056 καὶ
2071 2989 2195 3058 τὸν
2229 3001 2370 3078 θη-

571 3187 597 3232 1
637 3181 857 3261 ιστατο]
907 3186 975 3248 cll
1023 3186 1204 3262 p.23‚
1247 3187 1326 3235 15.
1389 3176 1647 3236 ἐπέκειτο
1683 3186 1740 3234 M
1946 3149 2288 3265 ἀναγκάζιὲν
2324 3188 2372 3235 V

432 3243 773 3316 ἀναγκάζων
809 3253 857 3300 A
994 3256 1024 3302 5
1061 3244 1134 3302 τὰ
1168 3245 1314 3302 κατὰ
1353 3248 1556 3318 μέροςῗ
1693 3250 1889 3319 γραΐδι
1926 3268 2287 3319 ηρμηνευσεν
2324 3255 2375 3303 A

571 3321 602 3369 6
639 3333 700 3369 σε
738 3336 830 3371 om.
868 3319 915 3369 A
1033 3322 1065 3370 8
1101 3335 1198 3382 μοι
1233 3319 1340 3368 VM
1375 3335 1543 3400 μου
1524 3321 1599 3369 D.
1639 3336 1709 3386 με
1749 3321 1886 3383 (ΑΒ)
1925 3320 2102 3371 Boiss.
2229 3323 2260 3372 9
2297 3336 2373 3385 με

434 3403 546 3451 890,
585 3388 663 3436 D:
701 3403 797 3450 μοι
836 3388 980 3438 ABV
1122 3390 1182 3436 12
1221 3380 1323 3439 τὸν
1363 3376 1619 3453 ἡγεμόνα
1654 3390 1870 3443 seclusi,
1908 3406 1954 3438 ιι.
1991 3389 2041 3437 D
2167 3391 2226 3438 17
2264 3385 2368 3437 καὶ

435 3457 503 3515 cf'.
544 3457 622 3505 19.
658 3457 738 3514 99,
781 3458 807 3503 1
846 3463 895 3505 et
932 3456 1015 3516 97,
1056 3457 1119 3504 10
1241 3448 1346 3506 ἕάν
1384 3493 1396 3506 .
1421 3494 1433 3504 .
1471 3451 1953 3520 παραγενοίμεθα
1987 3457 2043 3505 Μ
2179 3458 2240 3505 18
2277 3448 2370 3505 ἐν·

434 3516 730 3587 δοξώτητα
768 3524 816 3574 V
953 3524 1018 3572 26
1057 3515 1444 3588 διαμηνύσας]
1484 3524 1553 3585 cf.
1591 3525 1673 3586 64,
1716 3525 1778 3572 13
