2563 4087
427 225 510 289 16
1265 194 1310 273 1ss
1353 237 1396 274 s.
1435 225 1483 273 2.

124 388 127 393 ’
218 398 398 447 122213.
426 368 586 456 τήν,
635 366 925 456 ὀργίλως
962 366 1075 433 καὶ
1113 366 1368 452 πικρῶς
1409 370 1634 450 ἔλεγεν
1659 371 1787 452 „ec
1818 362 2093 451 άληθῶς
2146 362 2232 433 σύ
2275 366 2371 453 τῷ

429 469 690 560 ,,ἆνδρί
719 495 853 558 μου
889 468 972 536 τὰ
1006 468 1400 555 πραχθέντα
1434 492 1545 554 μοι
1591 466 1813 535 πάντα
1864 462 2266 552 ἆνήγγειλας
2288 463 2355 549 ;“

427 571 468 659 ἡ
509 572 586 641 δὲ
620 571 833 658 δούλη
870 569 1177 658 μεγάλως
1216 565 1512 657 ὤμνυεν,
1551 566 1643 647 (ὃς
1680 566 1832 637 οὐδ’
1866 565 2187 636 ὁπωσοῦν
2218 569 2376 656 περὶ

428 673 638 761 αὐτῆς
674 675 768 764 τῷ
805 679 1026 762 κυρίῳ
1065 671 1458 758 λελάληκεν·
1501 669 1701 759 ,,οἰλλ’
1744 668 1780 738 ὁ
1820 669 2165 758 ψιττακός,
2205 679 2375 758 ἴσθι,

375 807 401 846 5
431 783 721 865 ,,κυρία,
769 774 851 841 τὰ
901 774 1056 862 περὶ
1094 775 1218 843 σοῦ
1258 769 1527 842 ἅπαντα
1573 774 1668 863 τῷ
1706 780 1926 862 κυρίῳ
1967 770 2367 858 έλάλησεν.“
2431 772 2448 778 ”

426 877 467 964 ἡ
508 876 586 946 δὲ
633 876 811 963 γυνὴ
863 875 1112 963 ταύτης
1163 870 1516 943 ἀκούσασα
1566 874 1692 961 τὴν
1729 874 1910 964 παρὰ
1943 875 2068 942 τοῦ
2123 871 2373 961 ὀρνέου

428 987 879 1067 κατηγορίαν,
936 977 1338 1069 έτεχνάσατο
1393 979 1544 1056 πῶς
1592 979 1811 1062 ψευδῆ
1872 975 1989 1043 τὸν
2052 975 2376 1055 ψιττακὸν

428 1080 778 1161 ἀποδείξαι
821 1084 919 1171 τῷ
971 1077 1453 1168 ἆνδρὶραύτῆς.
1545 1080 1658 1147 καὶ
1694 1080 1778 1166 τῇ
1837 1076 2119 1166 ἐπιούσῃ
2169 1077 2374 1146 νυκτὶ

428 1187 733 1271 λαβοῦσα
779 1182 901 1250 τὸν
955 1181 1279 1262 ψιττακὸν
1327 1179 1491 1268 μετά
1539 1183 1662 1249 τοῦ
1702 1180 1971 1267 κλωβοῦ
2015 1185 2186 1248 ἔνθα
2223 1205 2370 1246 κοι-

353 1314 404 1354 10
429 1286 701 1373 μωμένη
743 1283 1110 1371 ἐτύγχανε,
1160 1281 1564 1372 χειρόμυλον
1613 1289 1900 1369 πλησίον
1952 1285 2075 1350 τοῦ
2128 1293 2373 1360 ψιττα-

429 1389 555 1456 κοῦ
593 1398 795 1456 θεῖσα
843 1387 1336 1473 συνέστρεψεν,
1387 1384 1453 1464 ἐξ
1503 1373 1585 1451 οὗ
1641 1383 1897 1464 κτύπος
1942 1380 2229 1470 ἠκούετο
2282 1380 2374 1462 ὦς

430 1488 712 1577 βροντή·
767 1493 1152 1575 ἔμπροσθεν
1205 1485 1283 1554 δὲ
1328 1486 1578 1554 τούτου
1629 1488 2019 1574 καθρέπτην
2057 1485 2373 1572 περιεκύ-

431 1598 599 1660 κλου
637 1605 779 1668 τοῖς
816 1586 1203 1677 ὀφθαλμοῖς
1239 1589 1364 1656 τοῦ
1405 1586 1677 1675 ὀρνέου,
1716 1586 1808 1667 ὦς
1846 1592 2073 1655 δοκεῖν
2110 1585 2373 1675 άστρα-
2399 1610 2414 1625 ‘

433 1693 563 1771 πάς
592 1688 1014 1778 ἀποπέμπειν
1033 1710 1046 1722 ·
1079 1692 1207 1759 σὺν
1235 1688 1501 1769 τούτοις
1527 1691 1642 1758 καὶ
1674 1690 1979 1775 σπόγγον
2002 1689 2374 1777 βεβρεγμέ-

352 1822 405 1860 15
431 1820 557 1862 νον
596 1790 866 1863 ἄνωθεν
913 1795 1037 1861 τοῦ
1089 1794 1415 1872 ψιττακοῦ
1468 1791 1893 1880 κρεμάσασα,
1943 1789 2373 1877 σταλαγμούς

430 1893 682 1973 ὕδατος
722 1895 950 1964 ε’πάνω
986 1894 1234 1964 τούτου
1275 1894 1452 1981 ῥέειν
1489 1899 1867 1981 πεποίηκεν.
1947 1890 1984 1959 ὁ
2023 1891 2099 1961 δὲ
2135 1905 2374 1972 ψιττα-

431 1997 549 2077 κός
586 1996 849 2067 τούτων
885 1994 1064 2066 οὕτω
1101 1995 1511 2084 γινομένων,
1560 1999 1642 2084 τῇ
1683 2002 1902 2085 γωνίᾳ
1937 1996 2060 2063 τοῦ
2098 1997 2371 2085 κλωβοῦ

432 2099 940 2190 ὑπεκρύπτετο,
991 2098 1169 2187 (καὶ)
1207 2097 1397 2188 αὐτῷ
1434 2101 1529 2189 τῷ
1569 2095 1787 2190 ὀρνέῳ
1827 2096 2042 2166 ἐδόκει
2081 2094 2170 2165 δι’
2213 2094 2372 2183 ὅλης

431 2204 550 2287 τῆς
586 2202 832 2282 νυκτὸς
872 2205 1133 2288 ἐκείνης
1169 2201 1460 2289 βρέχειν,
1497 2201 1613 2268 καὶ
1642 2198 1990 2289 ἀστραπὰς
2018 2200 2133 2267 καὶ
2160 2206 2372 2287 βρον-

570 2402 594 2448 1
651 2416 684 2448 a
729 2416 779 2447 u.
829 2394 883 2450 εἰ
927 2396 1268 2449 Boissonade
1316 2412 1595 2448 sermonem
1641 2400 1871 2463 incipere
1915 2404 2057 2448 recte
2101 2397 2367 2447 indicauit.

431 2483 546 2517 nam
580 2468 678 2518 etsi
710 2482 811 2517 non
856 2473 935 2516 eet
979 2467 1115 2531 quod
1156 2466 1435 2516 dubitemus
1473 2469 1599 2546 'quin
1641 2468 1805 2531 primo
1841 2473 1897 2515 ut
1931 2482 1976 2516 c.
2016 2482 2060 2515 c.
2099 2481 2190 2514 οτι
2228 2465 2371 2528 apud

431 2550 601 2586 omnes
646 2542 697 2584 et
733 2527 807 2592 ὡς
843 2538 986 2598 apud
1017 2535 1334 2583 recentiores
1377 2536 1662 2603 scriptores
1707 2533 1771 2583 ab
1814 2535 1962 2584 initio
1998 2533 2371 2583 enuntiatorum

433 2619 564 2668 quae
599 2602 758 2652 uerba
792 2603 1093 2672 loquentium
1128 2603 1245 2666 ipsa
1278 2591 1514 2664 referant
1548 2608 1821 2665 ponuntur,
1859 2604 1934 2650 ila
1968 2616 2013 2651 c.
2056 2595 2110 2650 εἰ
2145 2601 2374 2649 indican-

429 2673 514 2720 dis
562 2670 1048 2735 interrogationibus
1093 2685 1223 2734 quae
1269 2671 1506 2719 dicuntur
1550 2670 1763 2719 directis
1808 2684 2003 2734 quoque
2047 2669 2372 2718 inser-aierit:

432 2746 599 2788 tamen
633 2740 686 2787 iu
719 2753 950 2789 sermone
986 2738 1187 2803 uolyari
1219 2738 1296 2786 ita
1331 2737 1602 2787 adhibetur
1644 2744 1701 2786 ut
1744 2738 1941 2788 omnino
1981 2737 2273 2800 particulae
2321 2729 2375 2786 εἰ

426 2808 591 2864 locum
627 2812 824 2867 teneat,
864 2808 999 2855 uelut
1033 2821 1140 2855 cum
1175 2806 1227 2853 in
1265 2804 1332 2853 Ν.
1372 2804 1430 2855 Τ.
1469 2804 1608 2855 haud
1639 2820 1765 2855 raro
1797 2811 1916 2869 post
1952 2806 2236 2855 uocatiuum
2271 2793 2372 2853 κύ-

432 2888 539 2953 ριε
556 2876 875 2949 conlocetur,
913 2876 1083 2939 itaque
1115 2888 1217 2951 pro
1238 2888 1285 2922 c.
1328 2867 1384 2923 εἰ
1418 2888 1519 2922 non
1565 2880 1643 2923 est
1676 2872 2069 2923 substituendum
2094 2858 2131 2937 ἦ
2158 2872 2274 2953 (oni.
2299 2866 2371 2934 D)

433 2944 466 2994 2
503 2930 851 3018 ανήγγειλας
893 2943 1108 3021 scripsi·
1158 2931 1525 3019 ἀπήγγειλας
1561 2940 1683 2991 libri
1821 2942 1852 2989 6
1900 2931 2113 3027 ταύτης
2155 2940 2370 3002 scripsi.

432 3005 601 3059 τοῦτο
645 3009 781 3060 libri.
865 3025 931 3059 an
986 3002 1093 3075 τὴν
1139 3001 1297 3072 παρὰ
1344 3005 1447 3058 τοῦ
1495 2998 1703 3073 ὀρνέου
1750 3006 2106 3074 κατηγορίαν
2156 3007 2374 3057 delenda

429 3078 585 3128 sunt?
774 3078 806 3127 8
865 3067 1175 3160 ἀποδεῖξαι
1221 3075 1365 3125 VAB
1410 3075 1619 3128 Βοίεεη
1668 3084 1767 3127 tum
1810 3078 2051 3157 scriptum
2102 3074 2374 3139 oportebat

431 3161 554 3204 πως
729 3147 792 3195 11
838 3139 1190 3210 συνέστρεφε
1237 3142 1385 3192 ABV
1557 3146 1621 3193 12
1665 3138 2033 3221 καθρέπτην]
2073 3142 2371 3219 speculum.

427 3213 722 3265 uocabulum
765 3219 820 3263 ut
863 3215 1067 3264 uidetur
1108 3218 1404 3275 corruptum
1450 3227 1477 3261 e
1521 3229 1569 3262 u.
1617 3203 1943 3290 κάτοπτρον
2111 3200 2374 3275 περιεκύ-

428 3281 629 3333 κλου..
645 3283 763 3330 .14
799 3270 1166 3344 αποπέμπειν
1199 3295 1293 3330 om.
1332 3282 1379 3329 Α
1535 3281 1600 3329 14
1636 3272 1886 3357 σπόγκον
1922 3279 1970 3329 V
2137 3281 2199 3329 17
2236 3281 2372 3329 locus

428 3350 648 3399 maxime
685 3350 932 3399 turbatus,
1003 3348 1163 3399 uerba
1205 3347 1334 3397 enim
1378 3345 1447 3415 τῇ
1484 3347 1664 3415 γωνίᾳ
1702 3345 1806 3399 τοῦ
1856 3347 1939 3398 κλ.
1978 3335 2371 3424 ὑπεκρύπτετο

426 3408 861 3481 (ἀπεκρύπτετο
896 3416 971 3480 A)
1015 3418 1152 3466 inter
1186 3432 1267 3468 ute.
1309 3399 1541 3481 βρέχειν
1574 3398 1677 3466 καὶ
1722 3422 1773 3466 et
1809 3406 2106 3479 αστραπάς
2140 3416 2194 3466 in
2228 3414 2373 3463 libris

425 3485 693 3544 leyuntur:
739 3487 895 3562 unde,
916 3485 1012 3533 huc
1048 3484 1290 3534 transtuli
1323 3490 1374 3533 et
1408 3480 1509 3534 καὶ
1545 3491 1665 3534 ante
1711 3474 1867 3550 αὐτῷ
1907 3483 2100 3537 adieci,·
2143 3482 2371 3545 forta-ese

433 3555 601 3599 autem
655 3552 803 3601 etiam
856 3541 1155 3616 άστραπάς
1208 3560 1333 3617 post
1386 3533 1846 3618 άπαυγάζεσθαι
1886 3551 2233 3616 reponendum
2278 3554 2398 3602 est.

1286 3671 1314 3716 Ι
