<?xml version="1.0" encoding="UTF-8"?>
<!DOCTYPE html PUBLIC "-//W3C//DTD XHTML 1.0 Transitional//EN"
    "http://www.w3.org/TR/xhtml1/DTD/xhtml1-transitional.dtd">
<html xmlns="http://www.w3.org/1999/xhtml" xml:lang="en" lang="en">
 <head>
  <title>
</title>
<meta http-equiv="Content-Type" content="text/html;charset=utf-8" />
  <meta name='ocr-system' content='tesseract 3.04.00' />
  <meta name='ocr-capabilities' content='ocr_page ocr_carea ocr_par ocr_line ocrx_word'/>
</head>
<body>
  <div class='ocr_page' id='page_1' title='image "./fabulaeromanens00aphtgoog_0294.png"; bbox 0 0 2563 4087; ppageno 0'>
   <div class='ocr_carea' id='block_1_1' title="bbox 373 273 1501 340">
    <p class='ocr_par' dir='ltr' id='par_1_1' title="bbox 373 273 1501 340">
     <span class='ocr_line' id='line_1_1' title="bbox 373 273 1501 340; baseline -0.008 -3"><span class='ocrx_word' id='word_1_1' title='bbox 373 273 500 339; x_wconf 82' lang='lat'><strong><em>278</em></strong></span> <span class='ocrx_word' id='word_1_2' title='bbox 1190 275 1436 340; x_wconf 76' lang='lat' dir='ltr'>Aesopus</span> <span class='ocrx_word' id='word_1_3' title='bbox 1471 278 1501 328; x_wconf 92' lang='lat'>1</span> 
     </span>
    </p>
   </div>
   <div class='ocr_carea' id='block_1_2' title="bbox 177 430 2381 2451">
    <p class='ocr_par' dir='ltr' id='par_1_2' title="bbox 374 430 2321 826">
     <span class='ocr_line' id='line_1_2' title="bbox 374 430 2321 522; baseline 0 -20"><span class='ocrx_word' id='word_1_4' title='bbox 374 436 516 502; x_wconf 84' lang='grc' dir='ltr'><strong><em>τῶν</em></strong></span> <span class='ocrx_word' id='word_1_5' title='bbox 551 437 847 503; x_wconf 75' lang='grc' dir='ltr'><strong><em>πολιτῶν</em></strong></span> <span class='ocrx_word' id='word_1_6' title='bbox 884 459 1077 511; x_wconf 84' lang='grc' dir='ltr'><strong><em>οντος</em></strong></span> <span class='ocrx_word' id='word_1_7' title='bbox 1104 434 1219 500; x_wconf 90' lang='grc' dir='ltr'><strong><em>καὶ</em></strong></span> <span class='ocrx_word' id='word_1_8' title='bbox 1256 432 1667 520; x_wconf 84' lang='grc' dir='ltr'><strong><em>φιλοσόφου,</em></strong></span> <span class='ocrx_word' id='word_1_9' title='bbox 1704 439 1895 521; x_wconf 91' lang='grc' dir='ltr'><strong><em>σφίσι</em></strong></span> <span class='ocrx_word' id='word_1_10' title='bbox 1927 430 2054 521; x_wconf 78' lang='grc' dir='ltr'><strong><em>τὴν</em></strong></span> <span class='ocrx_word' id='word_1_11' title='bbox 2088 440 2321 522; x_wconf 93' lang='grc' dir='ltr'><strong><em>κρίσιν</em></strong></span> 
     </span>
     <span class='ocr_line' id='line_1_3' title="bbox 375 530 2318 623; baseline 0 -20"><span class='ocrx_word' id='word_1_12' title='bbox 375 539 500 605; x_wconf 82' lang='grc' dir='ltr'><strong><em>τοῦ</em></strong></span> <span class='ocrx_word' id='word_1_13' title='bbox 540 542 819 623; x_wconf 85' lang='grc' dir='ltr'><strong><em>σημείου</em></strong></span> <span class='ocrx_word' id='word_1_14' title='bbox 848 537 1273 622; x_wconf 79' lang='grc' dir='ltr'><strong><em>διασαφῆσαι.</em></strong></span> <span class='ocrx_word' id='word_1_15' title='bbox 1340 530 1376 602; x_wconf 84' lang='grc' dir='ltr'><strong>ὃ</strong></span> <span class='ocrx_word' id='word_1_16' title='bbox 1413 533 1490 602; x_wconf 77' lang='grc' dir='ltr'><strong><em>δὲ</em></strong></span> <span class='ocrx_word' id='word_1_17' title='bbox 1525 550 1669 615; x_wconf 85' lang='grc' dir='ltr'><strong><em>τοῖς</em></strong></span> <span class='ocrx_word' id='word_1_18' title='bbox 1706 531 1885 616; x_wconf 82' lang='grc' dir='ltr'><strong><em>ὅλοις</em></strong></span> <span class='ocrx_word' id='word_1_19' title='bbox 1924 538 2318 621; x_wconf 78' lang='grc' dir='ltr'><strong><em>ἑπαπορῶν,</em></strong></span> 
     </span>
     <span class='ocr_line' id='line_1_4' title="bbox 375 633 2319 725; baseline -0.001 -19"><span class='ocrx_word' id='word_1_20' title='bbox 375 637 627 725; x_wconf 87' lang='grc' dir='ltr'><strong><em>χρόνον</em></strong></span> <span class='ocrx_word' id='word_1_21' title='bbox 689 633 910 724; x_wconf 82' lang='grc' dir='ltr'><strong><em>ᾔτησε.</em></strong></span> <span class='ocrx_word' id='word_1_22' title='bbox 1007 637 1121 704; x_wconf 83' lang='grc' dir='ltr'><strong><em>καὶ</em></strong></span> <span class='ocrx_word' id='word_1_23' title='bbox 1172 634 1583 724; x_wconf 81' lang='grc' dir='ltr'><strong><em>ἀφικόμενος</em></strong></span> <span class='ocrx_word' id='word_1_24' title='bbox 1633 641 1884 723; x_wconf 79' lang='grc' dir='ltr'><strong><em>οἶκαδε,</em></strong></span> <span class='ocrx_word' id='word_1_25' title='bbox 1949 637 2168 716; x_wconf 85' lang='grc' dir='ltr'><strong><em>πολυς</em></strong></span> <span class='ocrx_word' id='word_1_26' title='bbox 2230 639 2319 722; x_wconf 75' lang='grc' dir='ltr'><strong><em>ἦν</em></strong></span> 
     </span>
     <span class='ocr_line' id='line_1_5' title="bbox 378 733 2320 826; baseline 0 -20"><span class='ocrx_word' id='word_1_27' title='bbox 378 737 674 826; x_wconf 78' lang='grc' dir='ltr'><strong><em>ἀθυμῶν</em></strong></span> <span class='ocrx_word' id='word_1_28' title='bbox 724 739 838 805; x_wconf 87' lang='grc' dir='ltr'><strong><em>καὶ</em></strong></span> <span class='ocrx_word' id='word_1_29' title='bbox 886 740 969 826; x_wconf 81' lang='grc' dir='ltr'><strong><em>τῇ</em></strong></span> <span class='ocrx_word' id='word_1_30' title='bbox 1023 737 1209 826; x_wconf 77' lang='grc' dir='ltr'><strong><em>λύπῃ</em></strong></span> <span class='ocrx_word' id='word_1_31' title='bbox 1259 736 1758 826; x_wconf 77' lang='grc' dir='ltr'><strong><em>βαπτιζόμενος,</em></strong></span> <span class='ocrx_word' id='word_1_32' title='bbox 1811 733 1923 807; x_wconf 89' lang='grc' dir='ltr'><strong><em>οἷα</em></strong></span> <span class='ocrx_word' id='word_1_33' title='bbox 1971 738 2054 824; x_wconf 88' lang='grc' dir='ltr'><strong><em>δὴ</em></strong></span> <span class='ocrx_word' id='word_1_34' title='bbox 2101 738 2320 825; x_wconf 77' lang='grc' dir='ltr'><strong><em>μηδὲν</em></strong></span> 
     </span>
    </p>

    <p class='ocr_par' dir='ltr' id='par_1_3' title="bbox 255 836 2321 1029">
     <span class='ocr_line' id='line_1_6' title="bbox 255 836 2321 927; baseline 0 -20"><span class='ocrx_word' id='word_1_35' title='bbox 255 908 266 919; x_wconf 35' lang='lat' dir='ltr'><em>J</em></span> <span class='ocrx_word' id='word_1_36' title='bbox 325 867 352 907; x_wconf 83' lang='lat'>5</span> <span class='ocrx_word' id='word_1_37' title='bbox 378 854 606 927; x_wconf 82' lang='grc' dir='ltr'><strong><em>κρῖναι</em></strong></span> <span class='ocrx_word' id='word_1_38' title='bbox 633 839 1034 926; x_wconf 87' lang='grc' dir='ltr'><strong><em>δυνάμενος.</em></strong></span> <span class='ocrx_word' id='word_1_39' title='bbox 1093 836 1130 906; x_wconf 85' lang='grc' dir='ltr'>ὁ</span> <span class='ocrx_word' id='word_1_40' title='bbox 1179 836 1244 906; x_wconf 88' lang='grc' dir='ltr'><strong><em>δ’</em></strong></span> <span class='ocrx_word' id='word_1_41' title='bbox 1294 848 1617 919; x_wconf 80' lang='grc' dir='ltr'><strong><em>Αἴσωπος</em></strong></span> <span class='ocrx_word' id='word_1_42' title='bbox 1643 837 1768 926; x_wconf 82' lang='grc' dir='ltr'><strong><em>τὴν</em></strong></span> <span class='ocrx_word' id='word_1_43' title='bbox 1794 836 2104 926; x_wconf 75' lang='grc' dir='ltr'><strong><em>ἀθυμίαν</em></strong></span> <span class='ocrx_word' id='word_1_44' title='bbox 2141 861 2321 908; x_wconf 86' lang='grc' dir='ltr'><strong><em>συν-</em></strong></span> 
     </span>
     <span class='ocr_line' id='line_1_7' title="bbox 377 940 2318 1029; baseline 0 -21"><span class='ocrx_word' id='word_1_45' title='bbox 377 940 628 1028; x_wconf 84' lang='grc' dir='ltr'><strong><em>νοήσας</em></strong></span> <span class='ocrx_word' id='word_1_46' title='bbox 662 946 789 1009; x_wconf 81' lang='grc' dir='ltr'><strong><em>τοῦ</em></strong></span> <span class='ocrx_word' id='word_1_47' title='bbox 824 940 1131 1026; x_wconf 78' lang='grc' dir='ltr'><strong><em>Ξάνθου,</em></strong></span> <span class='ocrx_word' id='word_1_48' title='bbox 1181 940 1584 1028; x_wconf 71' lang='grc' dir='ltr'><strong><em>προσελθών</em></strong></span> <span class='ocrx_word' id='word_1_49' title='bbox 1621 942 1829 1026; x_wconf 79' lang='grc' dir='ltr'><strong><em>λέγει·</em></strong></span> <span class='ocrx_word' id='word_1_50' title='bbox 1880 943 2051 1028; x_wconf 66' lang='lat' dir='ltr'><strong><em>„tofi</em></strong></span> <span class='ocrx_word' id='word_1_51' title='bbox 2090 941 2318 1029; x_wconf 85' lang='grc' dir='ltr'><strong><em>χάριν,</em></strong></span> 
     </span>
    </p>

    <p class='ocr_par' dir='ltr' id='par_1_4' title="bbox 374 1032 2320 1334">
     <span class='ocr_line' id='line_1_8' title="bbox 379 1032 2319 1132; baseline 0.001 -23"><span class='ocrx_word' id='word_1_52' title='bbox 379 1032 432 1109; x_wconf 76' lang='grc' dir='ltr'><em>ὦ</em></span> <span class='ocrx_word' id='word_1_53' title='bbox 471 1042 789 1131; x_wconf 89' lang='grc' dir='ltr'><strong><em>δέσποτα,</em></strong></span> <span class='ocrx_word' id='word_1_54' title='bbox 826 1040 1006 1111; x_wconf 73' lang='grc' dir='ltr'><strong><em>οὕτω</em></strong></span> <span class='ocrx_word' id='word_1_55' title='bbox 1041 1046 1369 1122; x_wconf 79' lang='grc' dir='ltr'><strong><em>διατελεῖς</em></strong></span> <span class='ocrx_word' id='word_1_56' title='bbox 1405 1039 1736 1130; x_wconf 79' lang='grc' dir='ltr'><strong><em>ἀθυμῶν;</em></strong></span> <span class='ocrx_word' id='word_1_57' title='bbox 1774 1043 1922 1129; x_wconf 77' lang='grc' dir='ltr'><strong><em>ἐμοὶ</em></strong></span> <span class='ocrx_word' id='word_1_58' title='bbox 1960 1042 2319 1132; x_wconf 66' lang='grc' dir='ltr'><strong><em>προσανάὸ</em></strong></span> 
     </span>
     <span class='ocr_line' id='line_1_9' title="bbox 374 1140 2320 1235; baseline -0.001 -22"><span class='ocrx_word' id='word_1_59' title='bbox 374 1154 537 1231; x_wconf 87' lang='grc' dir='ltr'><strong><em>θου,</em></strong></span> <span class='ocrx_word' id='word_1_60' title='bbox 565 1152 822 1232; x_wconf 80' lang='grc' dir='ltr'><strong><em>χαίρειν</em></strong></span> <span class='ocrx_word' id='word_1_61' title='bbox 850 1140 1063 1214; x_wconf 73' lang='grc' dir='ltr'><strong><em>εἰπών</em></strong></span> <span class='ocrx_word' id='word_1_62' title='bbox 1088 1147 1185 1235; x_wconf 81' lang='grc' dir='ltr'><strong><em>τῷ</em></strong></span> <span class='ocrx_word' id='word_1_63' title='bbox 1215 1151 1609 1213; x_wconf 83' lang='grc' dir='ltr'><strong><em>λυπεῖσθαι·</em></strong></span> <span class='ocrx_word' id='word_1_64' title='bbox 1648 1141 1888 1231; x_wconf 77' lang='grc' dir='ltr'><strong><em>αὔριον</em></strong></span> <span class='ocrx_word' id='word_1_65' title='bbox 1918 1142 1984 1227; x_wconf 83' lang='grc' dir='ltr'><strong><em>δ’</em></strong></span> <span class='ocrx_word' id='word_1_66' title='bbox 2016 1150 2115 1223; x_wconf 80' lang='grc' dir='ltr'><strong><em>εἰς</em></strong></span> <span class='ocrx_word' id='word_1_67' title='bbox 2141 1143 2320 1229; x_wconf 82' lang='grc' dir='ltr'><strong><em>ἀγο-</em></strong></span> 
     </span>
     <span class='ocr_line' id='line_1_10' title="bbox 378 1238 2320 1334; baseline 0.001 -21"><span class='ocrx_word' id='word_1_68' title='bbox 378 1244 511 1334; x_wconf 89' lang='grc' dir='ltr'><strong><em>ράν</em></strong></span> <span class='ocrx_word' id='word_1_69' title='bbox 537 1246 923 1334; x_wconf 73' lang='grc' dir='ltr'><strong><em>προελθών,</em></strong></span> <span class='ocrx_word' id='word_1_70' title='bbox 963 1244 1111 1314; x_wconf 74' lang='grc' dir='ltr'><strong><em>εἰπὲ</em></strong></span> <span class='ocrx_word' id='word_1_71' title='bbox 1133 1260 1277 1324; x_wconf 81' lang='grc' dir='ltr'><strong><em>τοῖς</em></strong></span> <span class='ocrx_word' id='word_1_72' title='bbox 1309 1253 1596 1333; x_wconf 88' lang='grc' dir='ltr'><strong><em>Σαμίοις</em></strong></span> <span class='ocrx_word' id='word_1_73' title='bbox 1625 1242 1717 1324; x_wconf 76' lang='grc' dir='ltr'><strong><em>ὦς</em></strong></span> <span class='ocrx_word' id='word_1_74' title='bbox 1759 1238 1972 1331; x_wconf 78' lang='grc' dir='ltr'><strong><em>,,Ἐγῶ</em></strong></span> <span class='ocrx_word' id='word_1_75' title='bbox 1994 1240 2040 1332; x_wconf 56' lang='grc' dir='ltr'><strong><em>’μ</em></strong></span> <span class='ocrx_word' id='word_1_76' title='bbox 2052 1244 2127 1313; x_wconf 70' lang='grc' dir='ltr'><strong><em>ὲν</em></strong></span> <span class='ocrx_word' id='word_1_77' title='bbox 2156 1243 2320 1314; x_wconf 80' lang='grc' dir='ltr'><strong><em>οὔτε</em></strong></span> 
     </span>
    </p>

    <p class='ocr_par' dir='ltr' id='par_1_5' title="bbox 177 1344 2323 1843">
     <span class='ocr_line' id='line_1_11' title="bbox 301 1344 2320 1435; baseline 0.001 -23"><span class='ocrx_word' id='word_1_78' title='bbox 301 1374 351 1413; x_wconf 91' lang='lat'><strong><em>10</em></strong></span> <span class='ocrx_word' id='word_1_79' title='bbox 379 1355 840 1435; x_wconf 83' lang='grc' dir='ltr'><strong><em>σημειολυτεῑν</em></strong></span> <span class='ocrx_word' id='word_1_80' title='bbox 896 1346 1312 1434; x_wconf 75' lang='grc' dir='ltr'><strong><em>ἐπαιδεύθην</em></strong></span> <span class='ocrx_word' id='word_1_81' title='bbox 1378 1344 1517 1415; x_wconf 76' lang='grc' dir='ltr'><strong><em>οὔτ’</em></strong></span> <span class='ocrx_word' id='word_1_82' title='bbox 1573 1354 2094 1433; x_wconf 82' lang='grc' dir='ltr'><strong><em>οἰωνοσκοπεΐν,</em></strong></span> <span class='ocrx_word' id='word_1_83' title='bbox 2150 1362 2320 1427; x_wconf 85' lang='grc' dir='ltr'><strong><em>παῖς</em></strong></span> 
     </span>
     <span class='ocr_line' id='line_1_12' title="bbox 380 1439 2323 1537; baseline 0.001 -22"><span class='ocrx_word' id='word_1_84' title='bbox 380 1450 613 1537; x_wconf 84' lang='grc' dir='ltr'><strong><em>δέμοι</em></strong></span> <span class='ocrx_word' id='word_1_85' title='bbox 648 1448 965 1537; x_wconf 88' lang='grc' dir='ltr'><strong><em>πρόσεστι</em></strong></span> <span class='ocrx_word' id='word_1_86' title='bbox 1013 1449 1286 1529; x_wconf 71' lang='grc' dir='ltr'><strong><em>πολλῶν</em></strong></span> <span class='ocrx_word' id='word_1_87' title='bbox 1334 1463 1581 1536; x_wconf 83' lang='grc' dir='ltr'><strong><em>πεῖραν</em></strong></span> <span class='ocrx_word' id='word_1_88' title='bbox 1618 1447 1848 1528; x_wconf 70' lang='grc' dir='ltr'><strong><em>εἰδώς·</em></strong></span> <span class='ocrx_word' id='word_1_89' title='bbox 1898 1439 2323 1535; x_wconf 55' lang='grc' dir='ltr'><strong><em>αὐτόςυμῖν</em></strong></span> 
     </span>
     <span class='ocr_line' id='line_1_13' title="bbox 376 1544 2323 1638; baseline 0.001 -22"><span class='ocrx_word' id='word_1_90' title='bbox 376 1551 457 1618; x_wconf 83' lang='grc' dir='ltr'><strong><em>τὸ</em></strong></span> <span class='ocrx_word' id='word_1_91' title='bbox 491 1550 898 1638; x_wconf 74' lang='grc' dir='ltr'><strong><em>ζητούμενον</em></strong></span> <span class='ocrx_word' id='word_1_92' title='bbox 936 1548 1194 1618; x_wconf 79' lang='grc' dir='ltr'><strong><em>λύσει.“</em></strong></span> <span class='ocrx_word' id='word_1_93' title='bbox 1266 1544 1399 1617; x_wconf 77' lang='grc' dir='ltr'><strong><em>κάν</em></strong></span> <span class='ocrx_word' id='word_1_94' title='bbox 1444 1550 1572 1637; x_wconf 77' lang='grc' dir='ltr'><strong><em>μὲν</em></strong></span> <span class='ocrx_word' id='word_1_95' title='bbox 1613 1546 1823 1629; x_wconf 75' lang='grc' dir='ltr'><strong><em>αὐτός</em></strong></span> <span class='ocrx_word' id='word_1_96' title='bbox 1863 1549 2154 1636; x_wconf 76' lang='grc' dir='ltr'><strong><em>ἐπιτύχω</em></strong></span> <span class='ocrx_word' id='word_1_97' title='bbox 2192 1551 2323 1637; x_wconf 76' lang='grc' dir='ltr'><strong><em>τῆς</em></strong></span> 
     </span>
     <span class='ocr_line' id='line_1_14' title="bbox 177 1649 2322 1742; baseline 0 -25"><span class='ocrx_word' id='word_1_98' title='bbox 177 1677 344 1726; x_wconf 79' lang='lat' dir='ltr'><strong>p.68b.</strong></span> <span class='ocrx_word' id='word_1_99' title='bbox 382 1651 667 1738; x_wconf 79' lang='grc' dir='ltr'><strong><em>λύσεως,</em></strong></span> <span class='ocrx_word' id='word_1_100' title='bbox 694 1652 1011 1735; x_wconf 78' lang='grc' dir='ltr'><strong><em>δέσποτα,</em></strong></span> <span class='ocrx_word' id='word_1_101' title='bbox 1050 1651 1137 1719; x_wconf 79' lang='grc' dir='ltr'><em>σύ</em></span> <span class='ocrx_word' id='word_1_102' title='bbox 1165 1650 1292 1738; x_wconf 85' lang='grc' dir='ltr'><strong><em>τὴν</em></strong></span> <span class='ocrx_word' id='word_1_103' title='bbox 1320 1649 1529 1733; x_wconf 79' lang='grc' dir='ltr'><strong><em>δόξαν</em></strong></span> <span class='ocrx_word' id='word_1_104' title='bbox 1547 1649 1799 1739; x_wconf 83' lang='grc' dir='ltr'><strong><em>ἀποίσῃ</em></strong></span> <span class='ocrx_word' id='word_1_105' title='bbox 1827 1651 2113 1742; x_wconf 76' lang='grc' dir='ltr'><strong><em>τοιοῦτῳ</em></strong></span> <span class='ocrx_word' id='word_1_106' title='bbox 2131 1651 2322 1737; x_wconf 79' lang='grc' dir='ltr'><strong><em>χρώ-</em></strong></span> 
     </span>
     <span class='ocr_line' id='line_1_15' title="bbox 379 1748 2322 1843; baseline 0.001 -23"><span class='ocrx_word' id='word_1_107' title='bbox 379 1778 580 1840; x_wconf 79' lang='grc' dir='ltr'><strong><em>μενος</em></strong></span> <span class='ocrx_word' id='word_1_108' title='bbox 617 1752 875 1843; x_wconf 58' lang='grc' dir='ltr'><strong><em>δούλῳ</em></strong></span> <span class='ocrx_word' id='word_1_109' title='bbox 940 1748 1027 1820; x_wconf 77' lang='grc' dir='ltr'><strong><em>ἀν</em></strong></span> <span class='ocrx_word' id='word_1_110' title='bbox 1062 1750 1143 1820; x_wconf 83' lang='grc' dir='ltr'><strong><em>δ’.</em></strong></span> <span class='ocrx_word' id='word_1_111' title='bbox 1180 1750 1527 1840; x_wconf 77' lang='grc' dir='ltr'><strong><em>ἀποτύχω,</em></strong></span> <span class='ocrx_word' id='word_1_112' title='bbox 1579 1754 1726 1840; x_wconf 82' lang='grc' dir='ltr'><strong><em>ἐμοὶ</em></strong></span> <span class='ocrx_word' id='word_1_113' title='bbox 1769 1751 1960 1843; x_wconf 77' lang='grc' dir='ltr'><strong><em>μόνῳ</em></strong></span> <span class='ocrx_word' id='word_1_114' title='bbox 1995 1751 2036 1839; x_wconf 84' lang='grc' dir='ltr'><em>ἡ</em></span> <span class='ocrx_word' id='word_1_115' title='bbox 2077 1755 2322 1821; x_wconf 81' lang='grc' dir='ltr'><strong><em>ἐντεῦ-</em></strong></span> 
     </span>
    </p>

    <p class='ocr_par' dir='ltr' id='par_1_6' title="bbox 303 1844 2321 2349">
     <span class='ocr_line' id='line_1_16' title="bbox 303 1844 2320 1943; baseline -0 -21"><span class='ocrx_word' id='word_1_116' title='bbox 303 1881 354 1922; x_wconf 86' lang='lat'><strong><em>15</em></strong></span> <span class='ocrx_word' id='word_1_117' title='bbox 380 1864 507 1922; x_wconf 90' lang='grc' dir='ltr'><strong><em>θεν</em></strong></span> <span class='ocrx_word' id='word_1_118' title='bbox 544 1853 1097 1943; x_wconf 78' lang='grc' dir='ltr'><strong><em>προστριβήσεται</em></strong></span> <span class='ocrx_word' id='word_1_119' title='bbox 1130 1851 1399 1942; x_wconf 66' lang='grc' dir='ltr'><strong><em>ὕβρις.α</em></strong></span> <span class='ocrx_word' id='word_1_120' title='bbox 1464 1856 1764 1933; x_wconf 86' lang='grc' dir='ltr'><strong><em>πεισθεὶς</em></strong></span> <span class='ocrx_word' id='word_1_121' title='bbox 1802 1844 1931 1922; x_wconf 80' lang='grc' dir='ltr'><strong><em>οὖν</em></strong></span> <span class='ocrx_word' id='word_1_122' title='bbox 1967 1852 2003 1922; x_wconf 86' lang='grc' dir='ltr'>ὁ</span> <span class='ocrx_word' id='word_1_123' title='bbox 2041 1854 2320 1933; x_wconf 81' lang='grc' dir='ltr'><strong><em>,Ξάνθος</em></strong></span> 
     </span>
     <span class='ocr_line' id='line_1_17' title="bbox 377 1953 2318 2046; baseline -0.001 -23"><span class='ocrx_word' id='word_1_124' title='bbox 377 1957 492 2023; x_wconf 76' lang='grc' dir='ltr'><strong><em>καὶ</em></strong></span> <span class='ocrx_word' id='word_1_125' title='bbox 529 1959 610 2045; x_wconf 83' lang='grc' dir='ltr'><strong><em>τῇ</em></strong></span> <span class='ocrx_word' id='word_1_126' title='bbox 649 1953 978 2046; x_wconf 75' lang='grc' dir='ltr'><strong><em>ὑστεραίᾳ</em></strong></span> <span class='ocrx_word' id='word_1_127' title='bbox 1016 1961 1113 2036; x_wconf 76' lang='grc' dir='ltr'><strong><em>εἰς</em></strong></span> <span class='ocrx_word' id='word_1_128' title='bbox 1162 1956 1239 2024; x_wconf 82' lang='grc' dir='ltr'><strong><em>τὸ</em></strong></span> <span class='ocrx_word' id='word_1_129' title='bbox 1275 1956 1575 2045; x_wconf 89' lang='grc' dir='ltr'><strong><em>θέατρον</em></strong></span> <span class='ocrx_word' id='word_1_130' title='bbox 1610 1954 2001 2042; x_wconf 83' lang='grc' dir='ltr'><strong><em>ἀπαντήσας</em></strong></span> <span class='ocrx_word' id='word_1_131' title='bbox 2037 1958 2150 2023; x_wconf 83' lang='grc' dir='ltr'><strong><em>καὶ</em></strong></span> <span class='ocrx_word' id='word_1_132' title='bbox 2187 1982 2318 2022; x_wconf 85' lang='grc' dir='ltr'><strong><em>κα-</em></strong></span> 
     </span>
     <span class='ocr_line' id='line_1_18' title="bbox 376 2055 2318 2146; baseline -0.001 -20"><span class='ocrx_word' id='word_1_133' title='bbox 376 2057 625 2141; x_wconf 85' lang='grc' dir='ltr'><strong><em>ταστάς</em></strong></span> <span class='ocrx_word' id='word_1_134' title='bbox 673 2064 772 2138; x_wconf 84' lang='grc' dir='ltr'><strong><em>εἰς</em></strong></span> <span class='ocrx_word' id='word_1_135' title='bbox 807 2058 882 2125; x_wconf 82' lang='grc' dir='ltr'><strong><em>τὸ</em></strong></span> <span class='ocrx_word' id='word_1_136' title='bbox 921 2059 1154 2146; x_wconf 81' lang='grc' dir='ltr'><strong><em>μέσον,</em></strong></span> <span class='ocrx_word' id='word_1_137' title='bbox 1200 2055 1369 2127; x_wconf 89' lang='grc' dir='ltr'><strong><em>κατά</em></strong></span> <span class='ocrx_word' id='word_1_138' title='bbox 1415 2057 1535 2139; x_wconf 84' lang='grc' dir='ltr'><strong><em>τάς</em></strong></span> <span class='ocrx_word' id='word_1_139' title='bbox 1570 2057 1932 2143; x_wconf 72' lang='grc' dir='ltr'><strong><em>’ὑποθήκας</em></strong></span> <span class='ocrx_word' id='word_1_140' title='bbox 1979 2057 2318 2127; x_wconf 74' lang='grc' dir='ltr'><strong><em>Αἰσώπου</em></strong></span> 
     </span>
     <span class='ocr_line' id='line_1_19' title="bbox 378 2157 2321 2247; baseline -0.001 -20"><span class='ocrx_word' id='word_1_141' title='bbox 378 2161 689 2247; x_wconf 74' lang='grc' dir='ltr'><strong><em>διελέχθη</em></strong></span> <span class='ocrx_word' id='word_1_142' title='bbox 749 2174 894 2240; x_wconf 78' lang='grc' dir='ltr'><strong><em>τοῖς</em></strong></span> <span class='ocrx_word' id='word_1_143' title='bbox 948 2163 1422 2229; x_wconf 81' lang='grc' dir='ltr'><strong><em>συνελθοῦσιν.</em></strong></span> <span class='ocrx_word' id='word_1_144' title='bbox 1515 2167 1588 2229; x_wconf 81' lang='grc' dir='ltr'><strong><em>οἳ</em></strong></span> <span class='ocrx_word' id='word_1_145' title='bbox 1634 2158 1702 2228; x_wconf 87' lang='grc' dir='ltr'><strong><em>δ’</em></strong></span> <span class='ocrx_word' id='word_1_146' title='bbox 1760 2158 2020 2238; x_wconf 79' lang='grc' dir='ltr'><strong><em>εὐθέως</em></strong></span> <span class='ocrx_word' id='word_1_147' title='bbox 2071 2157 2321 2244; x_wconf 81' lang='grc' dir='ltr'><strong><em>ἠξίουν</em></strong></span> 
     </span>
     <span class='ocr_line' id='line_1_20' title="bbox 379 2260 2321 2349; baseline 0.001 -22"><span class='ocrx_word' id='word_1_148' title='bbox 379 2262 715 2347; x_wconf 78' lang='grc' dir='ltr'><strong><em>κληθῆναι</em></strong></span> <span class='ocrx_word' id='word_1_149' title='bbox 776 2261 897 2329; x_wconf 87' lang='grc' dir='ltr'><strong><em>τὸν</em></strong></span> <span class='ocrx_word' id='word_1_150' title='bbox 972 2272 1314 2330; x_wconf 77' lang='grc' dir='ltr'><strong><em>Αἴσωπον.</em></strong></span> <span class='ocrx_word' id='word_1_151' title='bbox 1411 2263 1534 2330; x_wconf 85' lang='grc' dir='ltr'><strong><em>τοῦ</em></strong></span> <span class='ocrx_word' id='word_1_152' title='bbox 1597 2260 1662 2330; x_wconf 82' lang='grc' dir='ltr'><strong><em>δ’</em></strong></span> <span class='ocrx_word' id='word_1_153' title='bbox 1719 2260 2137 2349; x_wconf 77' lang='grc' dir='ltr'><strong><em>ἀφικομένου</em></strong></span> <span class='ocrx_word' id='word_1_154' title='bbox 2200 2261 2321 2329; x_wconf 85' lang='grc' dir='ltr'><strong><em>καὶ</em></strong></span> 
     </span>
    </p>

    <p class='ocr_par' dir='ltr' id='par_1_7' title="bbox 300 2360 2381 2451">
     <span class='ocr_line' id='line_1_21' title="bbox 300 2360 2381 2451; baseline 0 -22"><span class='ocrx_word' id='word_1_155' title='bbox 300 2390 352 2429; x_wconf 82' lang='lat'><strong><em>20</em></strong></span> <span class='ocrx_word' id='word_1_156' title='bbox 381 2361 668 2441; x_wconf 87' lang='grc' dir='ltr'><strong><em>στάντος</em></strong></span> <span class='ocrx_word' id='word_1_157' title='bbox 719 2362 831 2430; x_wconf 81' lang='grc' dir='ltr'><strong><em>ἐπὶ</em></strong></span> <span class='ocrx_word' id='word_1_158' title='bbox 877 2361 954 2429; x_wconf 82' lang='grc' dir='ltr'><strong><em>τὸ</em></strong></span> <span class='ocrx_word' id='word_1_159' title='bbox 1002 2363 1245 2449; x_wconf 87' lang='grc' dir='ltr'><strong><em>μέσον,</em></strong></span> <span class='ocrx_word' id='word_1_160' title='bbox 1310 2367 1383 2431; x_wconf 81' lang='lat' dir='ltr'><strong><em>oc</em></strong></span> <span class='ocrx_word' id='word_1_161' title='bbox 1427 2362 1671 2451; x_wconf 87' lang='grc' dir='ltr'><strong><em>Σάμιοι</em></strong></span> <span class='ocrx_word' id='word_1_162' title='bbox 1715 2362 1840 2449; x_wconf 86' lang='grc' dir='ltr'><strong><em>τὴν</em></strong></span> <span class='ocrx_word' id='word_1_163' title='bbox 1888 2360 2050 2442; x_wconf 76' lang='grc' dir='ltr'><strong><em>ὄψιν</em></strong></span> <span class='ocrx_word' id='word_1_164' title='bbox 2096 2360 2319 2430; x_wconf 79' lang='grc' dir='ltr'><strong><em>αὐτοῦ</em></strong></span> <span class='ocrx_word' id='word_1_165' title='bbox 2378 2383 2381 2388; x_wconf 72' lang='grc'><strong><em>’</em></strong></span> 
     </span>
    </p>
   </div>
   <div class='ocr_carea' id='block_1_3' title="bbox 302 2462 2327 3688">
    <p class='ocr_par' dir='ltr' id='par_1_8' title="bbox 302 2462 2326 3688">
     <span class='ocr_line' id='line_1_22' title="bbox 514 2462 2321 2540; baseline -0.001 -15"><span class='ocrx_word' id='word_1_166' title='bbox 514 2476 546 2525; x_wconf 99' lang='grc'><strong>2</strong></span> <span class='ocrx_word' id='word_1_167' title='bbox 583 2462 774 2534; x_wconf 73' lang='grc' dir='ltr'><strong><em>ὅλλοις</em></strong></span> <span class='ocrx_word' id='word_1_168' title='bbox 797 2474 846 2524; x_wconf 99' lang='grc' dir='ltr'>Β</span> <span class='ocrx_word' id='word_1_169' title='bbox 950 2476 981 2526; x_wconf 86' lang='grc'><strong>3</strong></span> <span class='ocrx_word' id='word_1_170' title='bbox 1018 2469 1237 2540; x_wconf 77' lang='grc' dir='ltr'><strong><em>χρόνων</em></strong></span> <span class='ocrx_word' id='word_1_171' title='bbox 1263 2474 1308 2525; x_wconf 89' lang='grc' dir='ltr'><strong><em>Ρ</em></strong></span> <span class='ocrx_word' id='word_1_172' title='bbox 1424 2470 1656 2527; x_wconf 72' lang='grc' dir='ltr'><strong><em>οἴκοι-δὲ</em></strong></span> <span class='ocrx_word' id='word_1_173' title='bbox 1682 2491 1834 2527; x_wconf 78' lang='lat' dir='ltr'><strong><em>eraso</em></strong></span> <span class='ocrx_word' id='word_1_174' title='bbox 1859 2483 2072 2525; x_wconf 76' lang='lat' dir='ltr'><strong><em>accentu</em></strong></span> <span class='ocrx_word' id='word_1_175' title='bbox 2090 2475 2248 2539; x_wconf 70' lang='lat' dir='ltr'><strong><em>yram‘</em></strong></span> <span class='ocrx_word' id='word_1_176' title='bbox 2269 2474 2321 2523; x_wconf 89' lang='grc' dir='ltr'>Β</span> 
     </span>
     <span class='ocr_line' id='line_1_23' title="bbox 548 2539 2317 2609; baseline -0.001 -16"><span class='ocrx_word' id='word_1_177' title='bbox 548 2546 582 2593; x_wconf 88' lang='grc'><strong>4</strong></span> <span class='ocrx_word' id='word_1_178' title='bbox 616 2541 687 2607; x_wconf 82' lang='grc' dir='ltr'><strong><em>τῇ</em></strong></span> <span class='ocrx_word' id='word_1_179' title='bbox 722 2544 769 2605; x_wconf 84' lang='lat' dir='ltr'>Q</span> <span class='ocrx_word' id='word_1_180' title='bbox 806 2545 857 2593; x_wconf 83' lang='lat' dir='ltr'><strong><em>in</em></strong></span> <span class='ocrx_word' id='word_1_181' title='bbox 891 2559 998 2593; x_wconf 75' lang='lat' dir='ltr'><strong><em>ras.</em></strong></span> <span class='ocrx_word' id='word_1_182' title='bbox 1034 2558 1111 2591; x_wconf 91' lang='lat' dir='ltr'><strong><em>m..</em></strong></span> <span class='ocrx_word' id='word_1_183' title='bbox 1139 2559 1239 2608; x_wconf 88' lang='lat' dir='ltr'><strong>pr.,</strong></span> <span class='ocrx_word' id='word_1_184' title='bbox 1279 2559 1332 2593; x_wconf 90' lang='grc' dir='ltr'><strong><em>τι</em></strong></span> <span class='ocrx_word' id='word_1_185' title='bbox 1370 2543 1414 2592; x_wconf 93' lang='grc' dir='ltr'>Ρ</span> <span class='ocrx_word' id='word_1_186' title='bbox 1525 2577 1531 2583; x_wconf 80' lang='lat'><em>,</em></span> <span class='ocrx_word' id='word_1_187' title='bbox 1573 2539 1761 2609; x_wconf 72' lang='grc' dir='ltr'><strong><em>μηδὲν</em></strong></span> <span class='ocrx_word' id='word_1_188' title='bbox 1798 2543 1844 2605; x_wconf 78' lang='lat' dir='ltr'><strong>Q</strong></span> <span class='ocrx_word' id='word_1_189' title='bbox 1882 2559 2032 2594; x_wconf 74' lang='lat' dir='ltr'><em>eraso</em></span> <span class='ocrx_word' id='word_1_190' title='bbox 2068 2545 2159 2608; x_wconf 81' lang='lat' dir='ltr'><strong><em>qui</em></strong></span> <span class='ocrx_word' id='word_1_191' title='bbox 2190 2545 2244 2592; x_wconf 79' lang='lat' dir='ltr'><strong><em>in</em></strong></span> <span class='ocrx_word' id='word_1_192' title='bbox 2279 2558 2317 2606; x_wconf 91' lang='grc' dir='ltr'>η</span> 
     </span>
     <span class='ocr_line' id='line_1_24' title="bbox 2000 2624 2071 2661; baseline 0.014 -1"><span class='ocrx_word' id='word_1_193' title='bbox 2000 2624 2071 2661; x_wconf 83' lang='grc' dir='ltr'><strong><em>συ</em></strong></span> 
     </span>
     <span class='ocr_line' id='line_1_25' title="bbox 376 2665 2320 2756; baseline -0.001 -29"><span class='ocrx_word' id='word_1_194' title='bbox 376 2686 493 2728; x_wconf 75' lang='lat' dir='ltr'><em>erat</em></span> <span class='ocrx_word' id='word_1_195' title='bbox 527 2685 757 2741; x_wconf 77' lang='lat' dir='ltr'><strong><em>accentu,</em></strong></span> <span class='ocrx_word' id='word_1_196' title='bbox 766 2670 982 2756; x_wconf 75' lang='grc' dir='ltr'><strong><em>μήδὲν</em></strong></span> <span class='ocrx_word' id='word_1_197' title='bbox 1017 2678 1073 2728; x_wconf 91' lang='lat' dir='ltr'>H</span> <span class='ocrx_word' id='word_1_198' title='bbox 1209 2681 1241 2729; x_wconf 80' lang='grc' dir='ltr'>ὅ</span> <span class='ocrx_word' id='word_1_199' title='bbox 1277 2675 1472 2743; x_wconf 82' lang='grc' dir='ltr'><strong><em>κρίναι</em></strong></span> <span class='ocrx_word' id='word_1_200' title='bbox 1509 2677 1558 2727; x_wconf 89' lang='lat' dir='ltr'><strong>V</strong></span> <span class='ocrx_word' id='word_1_201' title='bbox 1678 2665 1774 2729; x_wconf 84' lang='grc' dir='ltr'><strong><em>οδ’</em></strong></span> <span class='ocrx_word' id='word_1_202' title='bbox 1812 2694 1842 2728; x_wconf 86' lang='lat' dir='ltr'><strong>v</strong></span> <span class='ocrx_word' id='word_1_203' title='bbox 1986 2667 2123 2729; x_wconf 71' lang='grc' dir='ltr'><strong><em>ἔνο</em></strong></span> <span class='ocrx_word' id='word_1_204' title='bbox 2088 2692 2234 2744; x_wconf 80' lang='grc' dir='ltr'><strong><em>ησας</em></strong></span> <span class='ocrx_word' id='word_1_205' title='bbox 2270 2678 2320 2725; x_wconf 88' lang='lat' dir='ltr'>V</span> 
     </span>
     <span class='ocr_line' id='line_1_26' title="bbox 376 2694 2321 2824; baseline 0.001 -30"><span class='ocrx_word' id='word_1_206' title='bbox 376 2761 445 2795; x_wconf 87' lang='lat' dir='ltr'><strong><em>m.</em></strong></span> <span class='ocrx_word' id='word_1_207' title='bbox 470 2761 552 2811; x_wconf 78' lang='lat' dir='ltr'><strong><em>pr.</em></strong></span> <span class='ocrx_word' id='word_1_208' title='bbox 570 2739 886 2824; x_wconf 85' lang='grc' dir='ltr'><strong><em>συνοήσας</em></strong></span> <span class='ocrx_word' id='word_1_209' title='bbox 922 2746 984 2805; x_wconf 88' lang='grc' dir='ltr'><strong><em>Ρ,</em></strong></span> <span class='ocrx_word' id='word_1_210' title='bbox 1029 2745 1078 2794; x_wconf 88' lang='lat' dir='ltr'>A</span> <span class='ocrx_word' id='word_1_211' title='bbox 1113 2752 1164 2796; x_wconf 83' lang='lat' dir='ltr'><strong><em>et</em></strong></span> <span class='ocrx_word' id='word_1_212' title='bbox 1198 2744 1249 2793; x_wconf 94' lang='lat' dir='ltr'>D</span> <span class='ocrx_word' id='word_1_213' title='bbox 1286 2761 1355 2800; x_wconf 85' lang='lat' dir='ltr'><strong><em>m.</em></strong></span> <span class='ocrx_word' id='word_1_214' title='bbox 1391 2760 1470 2810; x_wconf 85' lang='lat' dir='ltr'><strong><em>pr.</em></strong></span> <span class='ocrx_word' id='word_1_215' title='bbox 1518 2745 1608 2824; x_wconf 90' lang='grc' dir='ltr'><strong><em>(ν</em></strong></span> <span class='ocrx_word' id='word_1_216' title='bbox 1620 2748 1742 2798; x_wconf 84' lang='lat' dir='ltr'><strong><em>add.</em></strong></span> <span class='ocrx_word' id='word_1_217' title='bbox 1780 2744 1882 2795; x_wconf 83' lang='lat' dir='ltr'><strong><em>A2</em></strong></span> <span class='ocrx_word' id='word_1_218' title='bbox 1921 2744 1971 2795; x_wconf 92' lang='lat' dir='ltr'>D</span> <span class='ocrx_word' id='word_1_219' title='bbox 1997 2744 2078 2807; x_wconf 82' lang='lat'><strong><em>2),</em></strong></span> <span class='ocrx_word' id='word_1_220' title='bbox 2088 2694 2156 2795; x_wconf 60' lang='lat' dir='ltr'><strong><em>nb</em></strong></span> <span class='ocrx_word' id='word_1_221' title='bbox 2183 2746 2321 2797; x_wconf 84' lang='lat'>1530</span> 
     </span>
     <span class='ocr_line' id='line_1_27' title="bbox 374 2804 2317 2893; baseline 0.001 -31"><span class='ocrx_word' id='word_1_222' title='bbox 374 2804 701 2877; x_wconf 80' lang='grc' dir='ltr'><strong><em>υπονοῆσάι</em></strong></span> <span class='ocrx_word' id='word_1_223' title='bbox 743 2815 786 2864; x_wconf 91' lang='grc' dir='ltr'><strong><em>Ρ</em></strong></span> <span class='ocrx_word' id='word_1_224' title='bbox 823 2805 1112 2893; x_wconf 78' lang='grc' dir='ltr'><strong><em>ὖπνοῆσαι</em></strong></span> <span class='ocrx_word' id='word_1_225' title='bbox 1145 2812 1195 2862; x_wconf 88' lang='grc' dir='ltr'><strong>Α</strong></span> <span class='ocrx_word' id='word_1_226' title='bbox 1332 2812 1364 2863; x_wconf 87' lang='grc'>8</span> <span class='ocrx_word' id='word_1_227' title='bbox 1400 2810 1503 2879; x_wconf 79' lang='grc' dir='ltr'><strong><em>τῷ]</em></strong></span> <span class='ocrx_word' id='word_1_228' title='bbox 1548 2805 1612 2862; x_wconf 85' lang='grc' dir='ltr'>τὸ</span> <span class='ocrx_word' id='word_1_229' title='bbox 1646 2815 1698 2866; x_wconf 89' lang='lat' dir='ltr'><strong>V</strong></span> <span class='ocrx_word' id='word_1_230' title='bbox 1853 2815 1884 2865; x_wconf 85' lang='lat'>9</span> <span class='ocrx_word' id='word_1_231' title='bbox 1918 2829 1995 2878; x_wconf 81' lang='grc' dir='ltr'><strong><em>πρ</em></strong></span> <span class='ocrx_word' id='word_1_232' title='bbox 1999 2806 2251 2891; x_wconf 79' lang='grc' dir='ltr'><strong><em>οελθιὸν,</em></strong></span> <span class='ocrx_word' id='word_1_233' title='bbox 2292 2828 2317 2864; x_wconf 85' lang='grc' dir='ltr'><strong><em>ε</em></strong></span> 
     </span>
     <span class='ocr_line' id='line_1_28' title="bbox 375 2863 2214 2961; baseline 0 -32"><span class='ocrx_word' id='word_1_234' title='bbox 375 2894 518 2929; x_wconf 83' lang='lat' dir='ltr'><strong><em>corr.</em></strong></span> <span class='ocrx_word' id='word_1_235' title='bbox 566 2896 593 2929; x_wconf 87' lang='lat' dir='ltr'><strong><em>e</em></strong></span> <span class='ocrx_word' id='word_1_236' title='bbox 629 2896 658 2937; x_wconf 76' lang='grc' dir='ltr'><strong><em>ς</em></strong></span> <span class='ocrx_word' id='word_1_237' title='bbox 695 2880 737 2929; x_wconf 95' lang='grc' dir='ltr'><strong><em>Ρ</em></strong></span> <span class='ocrx_word' id='word_1_238' title='bbox 772 2895 815 2929; x_wconf 87' lang='grc' dir='ltr'><strong><em>π</em></strong></span> <span class='ocrx_word' id='word_1_239' title='bbox 816 2863 1688 2961; x_wconf 66' lang='grc' dir='ltr'><strong><em>ροσελθώνΒρΒΕΗΚΖν</em></strong></span> <span class='ocrx_word' id='word_1_240' title='bbox 1794 2873 1919 2932; x_wconf 82' lang='grc' dir='ltr'><strong><em>εἶπε</em></strong></span> <span class='ocrx_word' id='word_1_241' title='bbox 1952 2880 2001 2929; x_wconf 88' lang='lat' dir='ltr'>A</span> <span class='ocrx_word' id='word_1_242' title='bbox 2032 2870 2214 2934; x_wconf 78' lang='grc' dir='ltr'><strong><em>ὖπὲΡ</em></strong></span> 
     </span>
     <span class='ocr_line' id='line_1_29' title="bbox 377 2933 2320 3014; baseline -0.001 -15"><span class='ocrx_word' id='word_1_243' title='bbox 377 2946 589 3011; x_wconf 85' lang='grc' dir='ltr'><strong><em>σαμίας</em></strong></span> <span class='ocrx_word' id='word_1_244' title='bbox 615 2948 650 2997; x_wconf 82' lang='lat' dir='ltr'>S</span> <span class='ocrx_word' id='word_1_245' title='bbox 746 2950 811 2999; x_wconf 90' lang='lat'><strong><em>10</em></strong></span> <span class='ocrx_word' id='word_1_246' title='bbox 834 2949 1250 3014; x_wconf 80' lang='grc' dir='ltr'><strong><em>σημειωλυτεῖν</em></strong></span> <span class='ocrx_word' id='word_1_247' title='bbox 1276 2950 1323 3012; x_wconf 76' lang='lat' dir='ltr'>Q</span> <span class='ocrx_word' id='word_1_248' title='bbox 1418 2964 1523 2999; x_wconf 85' lang='grc' dir='ltr'><strong><em>ουτ</em></strong></span> <span class='ocrx_word' id='word_1_249' title='bbox 1530 2937 1780 2999; x_wconf 79' lang='grc' dir='ltr'><strong><em>ὀἰόνσκ.</em></strong></span> <span class='ocrx_word' id='word_1_250' title='bbox 1799 2947 1846 2997; x_wconf 91' lang='grc' dir='ltr'>Β</span> <span class='ocrx_word' id='word_1_251' title='bbox 1869 2933 2029 2999; x_wconf 80' lang='grc' dir='ltr'><strong><em>οὗτοι</em></strong></span> <span class='ocrx_word' id='word_1_252' title='bbox 2047 2940 2253 3001; x_wconf 75' lang='grc' dir='ltr'><strong><em>ὦνοσκ.</em></strong></span> <span class='ocrx_word' id='word_1_253' title='bbox 2276 2949 2320 2998; x_wconf 92' lang='grc' dir='ltr'><strong><em>Ρ</em></strong></span> 
     </span>
     <span class='ocr_line' id='line_1_30' title="bbox 492 3002 2325 3082; baseline 0.001 -19"><span class='ocrx_word' id='word_1_254' title='bbox 492 3016 553 3063; x_wconf 95' lang='grc'><strong><em>11</em></strong></span> <span class='ocrx_word' id='word_1_255' title='bbox 594 3006 761 3074; x_wconf 81' lang='grc' dir='ltr'><strong><em>εἰδως</em></strong></span> <span class='ocrx_word' id='word_1_256' title='bbox 796 3018 920 3066; x_wconf 79' lang='lat' dir='ltr'><strong><em>mire</em></strong></span> <span class='ocrx_word' id='word_1_257' title='bbox 956 3018 1142 3067; x_wconf 79' lang='lat' dir='ltr'><strong><em>dictum</em></strong></span> <span class='ocrx_word' id='word_1_258' title='bbox 1169 3032 1274 3081; x_wconf 82' lang='lat' dir='ltr'><strong><em>pro</em></strong></span> <span class='ocrx_word' id='word_1_259' title='bbox 1312 3010 1473 3082; x_wconf 77' lang='grc' dir='ltr'><strong><em>ἔχων,</em></strong></span> <span class='ocrx_word' id='word_1_260' title='bbox 1512 3008 1767 3081; x_wconf 76' lang='grc' dir='ltr'><strong><em>εἰληφώς</em></strong></span> <span class='ocrx_word' id='word_1_261' title='bbox 1872 3007 2070 3080; x_wconf 75' lang='grc' dir='ltr'><strong><em>αὐτὸς]</em></strong></span> <span class='ocrx_word' id='word_1_262' title='bbox 2111 3002 2325 3073; x_wconf 54' lang='lat' dir='ltr'><strong><em>effrene?</em></strong></span> 
     </span>
     <span class='ocr_line' id='line_1_31' title="bbox 511 3084 653 3159; baseline 0 -29"><span class='ocrx_word' id='word_1_263' title='bbox 511 3084 653 3159; x_wconf 81' lang='grc' dir='ltr'><strong><em>υμῖν</em></strong></span> 
     </span>
     <span class='ocr_line' id='line_1_32' title="bbox 513 3112 2322 3214; baseline 0.001 -16"><span class='ocrx_word' id='word_1_264' title='bbox 513 3142 673 3214; x_wconf 79' lang='grc' dir='ltr'><strong><em>ὑμῶν</em></strong></span> <span class='ocrx_word' id='word_1_265' title='bbox 708 3149 756 3198; x_wconf 88' lang='grc' dir='ltr'>Β</span> <span class='ocrx_word' id='word_1_266' title='bbox 790 3164 858 3199; x_wconf 92' lang='lat' dir='ltr'><strong><em>m.</em></strong></span> <span class='ocrx_word' id='word_1_267' title='bbox 883 3164 965 3214; x_wconf 83' lang='lat' dir='ltr'><strong><em>pr.</em></strong></span> <span class='ocrx_word' id='word_1_268' title='bbox 1002 3141 1145 3214; x_wconf 82' lang='grc' dir='ltr'><strong><em>ἡμῖν</em></strong></span> <span class='ocrx_word' id='word_1_269' title='bbox 1179 3150 1238 3200; x_wconf 87' lang='grc' dir='ltr'><strong>Μ</strong></span> <span class='ocrx_word' id='word_1_270' title='bbox 1368 3151 1431 3200; x_wconf 84' lang='grc'><strong><em>12</em></strong></span> <span class='ocrx_word' id='word_1_271' title='bbox 1468 3144 1533 3201; x_wconf 85' lang='grc' dir='ltr'><strong><em>τὸ</em></strong></span> <span class='ocrx_word' id='word_1_272' title='bbox 1574 3144 1928 3211; x_wconf 75' lang='grc' dir='ltr'><strong><em>λυτοῦμενον</em></strong></span> <span class='ocrx_word' id='word_1_273' title='bbox 1963 3150 2012 3200; x_wconf 88' lang='grc' dir='ltr'>Β</span> <span class='ocrx_word' id='word_1_274' title='bbox 2119 3112 2215 3200; x_wconf 57' lang='grc' dir='ltr'><strong><em>λσόὲ</em></strong></span> <span class='ocrx_word' id='word_1_275' title='bbox 2222 3114 2322 3214; x_wconf 84' lang='grc' dir='ltr'><strong><em>ι1),</em></strong></span> 
     </span>
     <span class='ocr_line' id='line_1_33' title="bbox 379 3205 2320 3285; baseline 0.001 -19"><span class='ocrx_word' id='word_1_276' title='bbox 379 3230 465 3268; x_wconf 84' lang='grc' dir='ltr'><strong><em>σει</em></strong></span> <span class='ocrx_word' id='word_1_277' title='bbox 499 3215 550 3264; x_wconf 93' lang='lat' dir='ltr'>D</span> <span class='ocrx_word' id='word_1_278' title='bbox 576 3218 606 3266; x_wconf 82' lang='lat'>2</span> <span class='ocrx_word' id='word_1_279' title='bbox 759 3205 892 3285; x_wconf 69' lang='lat' dir='ltr'><strong><em>nav]</em></strong></span> <span class='ocrx_word' id='word_1_280' title='bbox 933 3214 1032 3269; x_wconf 84' lang='grc' dir='ltr'><strong><em>καὶ</em></strong></span> <span class='ocrx_word' id='word_1_281' title='bbox 1071 3212 1127 3269; x_wconf 83' lang='grc' dir='ltr'><strong><em>εἰ</em></strong></span> <span class='ocrx_word' id='word_1_282' title='bbox 1162 3218 1207 3279; x_wconf 80' lang='lat' dir='ltr'>Q</span> <span class='ocrx_word' id='word_1_283' title='bbox 1367 3220 1432 3269; x_wconf 89' lang='lat'><strong><em>13</em></strong></span> <span class='ocrx_word' id='word_1_284' title='bbox 1468 3208 1698 3269; x_wconf 82' lang='grc' dir='ltr'><strong><em>ἀποίσει</em></strong></span> <span class='ocrx_word' id='word_1_285' title='bbox 1735 3216 1786 3268; x_wconf 89' lang='lat' dir='ltr'>D</span> <span class='ocrx_word' id='word_1_286' title='bbox 1950 3218 2014 3266; x_wconf 84' lang='lat'><strong><em>14</em></strong></span> <span class='ocrx_word' id='word_1_287' title='bbox 2049 3206 2110 3267; x_wconf 69' lang='grc' dir='ltr'><strong><em>δ’</em></strong></span> <span class='ocrx_word' id='word_1_288' title='bbox 2146 3233 2242 3268; x_wconf 85' lang='lat' dir='ltr'><strong><em>om.</em></strong></span> <span class='ocrx_word' id='word_1_289' title='bbox 2284 3219 2320 3268; x_wconf 92' lang='lat' dir='ltr'>b</span> 
     </span>
     <span class='ocr_line' id='line_1_34' title="bbox 510 3271 2326 3363; baseline 0.001 -28"><span class='ocrx_word' id='word_1_290' title='bbox 510 3275 577 3350; x_wconf 82' lang='grc' dir='ltr'><strong><em>ἡ]</em></strong></span> <span class='ocrx_word' id='word_1_291' title='bbox 617 3271 656 3350; x_wconf 77' lang='grc' dir='ltr'><strong><em>ἢ</em></strong></span> <span class='ocrx_word' id='word_1_292' title='bbox 690 3286 735 3335; x_wconf 95' lang='grc' dir='ltr'><strong><em>Ρ</em></strong></span> <span class='ocrx_word' id='word_1_293' title='bbox 844 3287 907 3335; x_wconf 87' lang='grc'><strong><em>16</em></strong></span> <span class='ocrx_word' id='word_1_294' title='bbox 942 3282 1012 3351; x_wconf 83' lang='grc' dir='ltr'><strong><em>τῆ</em></strong></span> <span class='ocrx_word' id='word_1_295' title='bbox 1049 3279 1328 3350; x_wconf 77' lang='grc' dir='ltr'><strong><em>ὑστεραία</em></strong></span> <span class='ocrx_word' id='word_1_296' title='bbox 1361 3283 1436 3335; x_wconf 86' lang='lat' dir='ltr'><strong><em>V:</em></strong></span> <span class='ocrx_word' id='word_1_297' title='bbox 1455 3283 1577 3363; x_wconf 82' lang='grc' dir='ltr'><strong><em>τῆς</em></strong></span> <span class='ocrx_word' id='word_1_298' title='bbox 1612 3276 1922 3363; x_wconf 84' lang='grc' dir='ltr'><strong><em>υστεραίας</em></strong></span> <span class='ocrx_word' id='word_1_299' title='bbox 1957 3286 2146 3340; x_wconf 72' lang='lat' dir='ltr'><strong><em>ceteri,-</em></strong></span> <span class='ocrx_word' id='word_1_300' title='bbox 2182 3291 2235 3335; x_wconf 77' lang='lat' dir='ltr'><strong><em>in</em></strong></span> <span class='ocrx_word' id='word_1_301' title='bbox 2273 3285 2326 3336; x_wconf 88' lang='lat' dir='ltr'>A</span> 
     </span>
     <span class='ocr_line' id='line_1_35' title="bbox 373 3344 2324 3432; baseline -0.001 -27"><span class='ocrx_word' id='word_1_302' title='bbox 373 3366 560 3416; x_wconf 83' lang='grc' dir='ltr'><strong><em>νστερ.</em></strong></span> <span class='ocrx_word' id='word_1_303' title='bbox 598 3368 738 3403; x_wconf 82' lang='lat' dir='ltr'><strong><em>corr.</em></strong></span> <span class='ocrx_word' id='word_1_304' title='bbox 774 3369 844 3403; x_wconf 79' lang='lat' dir='ltr'><strong><em>ex</em></strong></span> <span class='ocrx_word' id='word_1_305' title='bbox 878 3344 1072 3419; x_wconf 76' lang='grc' dir='ltr'><strong><em>ὑστηρ.</em></strong></span> <span class='ocrx_word' id='word_1_306' title='bbox 1214 3344 1505 3412; x_wconf 81' lang='grc' dir='ltr'><strong><em>καταστάς</em></strong></span> <span class='ocrx_word' id='word_1_307' title='bbox 1572 3344 1708 3412; x_wconf 78' lang='grc' dir='ltr'><strong><em>στὰς</em></strong></span> <span class='ocrx_word' id='word_1_308' title='bbox 1745 3352 1794 3403; x_wconf 88' lang='grc' dir='ltr'><strong><em>Φ</em></strong></span> <span class='ocrx_word' id='word_1_309' title='bbox 1925 3354 1985 3403; x_wconf 82' lang='grc'><strong><em>17</em></strong></span> <span class='ocrx_word' id='word_1_310' title='bbox 2022 3347 2172 3432; x_wconf 84' lang='grc' dir='ltr'><strong><em>Αἰσ.]</em></strong></span> <span class='ocrx_word' id='word_1_311' title='bbox 2211 3350 2324 3404; x_wconf 81' lang='grc' dir='ltr'><strong><em>τοῦ</em></strong></span> 
     </span>
     <span class='ocr_line' id='line_1_36' title="bbox 302 3413 2326 3497; baseline -0.001 -25"><span class='ocrx_word' id='word_1_312' title='bbox 302 3471 316 3477; x_wconf 73' lang='grc'><strong><em>,</em></strong></span> <span class='ocrx_word' id='word_1_313' title='bbox 377 3416 492 3475; x_wconf 73' lang='lat' dir='ltr'><strong><em>ata.</em></strong></span> <span class='ocrx_word' id='word_1_314' title='bbox 519 3420 567 3471; x_wconf 89' lang='grc' dir='ltr'><strong><em>Φ</em></strong></span> <span class='ocrx_word' id='word_1_315' title='bbox 673 3415 856 3472; x_wconf 84' lang='grc' dir='ltr'><strong><em>διειλέ</em></strong></span> <span class='ocrx_word' id='word_1_316' title='bbox 858 3421 977 3487; x_wconf 85' lang='grc' dir='ltr'><strong><em>χθη</em></strong></span> <span class='ocrx_word' id='word_1_317' title='bbox 1002 3420 1078 3485; x_wconf 90' lang='grc' dir='ltr'><strong><em>Μ,</em></strong></span> <span class='ocrx_word' id='word_1_318' title='bbox 1117 3421 1166 3470; x_wconf 88' lang='grc' dir='ltr'>Β</span> <span class='ocrx_word' id='word_1_319' title='bbox 1196 3418 1361 3484; x_wconf 82' lang='lat' dir='ltr'><strong><em>(corr.</em></strong></span> <span class='ocrx_word' id='word_1_320' title='bbox 1398 3437 1468 3471; x_wconf 77' lang='lat' dir='ltr'><strong><em>ex</em></strong></span> <span class='ocrx_word' id='word_1_321' title='bbox 1545 3421 1703 3472; x_wconf 85' lang='grc' dir='ltr'><strong><em>ειειλ.</em></strong></span> <span class='ocrx_word' id='word_1_322' title='bbox 1708 3420 1750 3485; x_wconf 91' lang='grc'><strong><em>),</em></strong></span> <span class='ocrx_word' id='word_1_323' title='bbox 1790 3420 1835 3483; x_wconf 77' lang='lat' dir='ltr'>Q</span> <span class='ocrx_word' id='word_1_324' title='bbox 1860 3418 1910 3469; x_wconf 82' lang='lat' dir='ltr'>A</span> <span class='ocrx_word' id='word_1_325' title='bbox 1945 3413 2237 3497; x_wconf 79' lang='grc' dir='ltr'><strong><em>διηλέχθη</em></strong></span> <span class='ocrx_word' id='word_1_326' title='bbox 2270 3420 2326 3469; x_wconf 89' lang='lat' dir='ltr'>V</span> 
     </span>
     <span class='ocr_line' id='line_1_37' title="bbox 512 3458 2327 3569; baseline 0.001 -32"><span class='ocrx_word' id='word_1_327' title='bbox 512 3490 576 3539; x_wconf 91' lang='lat'><strong><em>19</em></strong></span> <span class='ocrx_word' id='word_1_328' title='bbox 611 3480 712 3539; x_wconf 78' lang='grc' dir='ltr'><strong><em>τὸν</em></strong></span> <span class='ocrx_word' id='word_1_329' title='bbox 751 3484 867 3539; x_wconf 89' lang='grc' dir='ltr'><strong><em>αι’σ.</em></strong></span> <span class='ocrx_word' id='word_1_330' title='bbox 911 3458 1083 3569; x_wconf 57' lang='lat' dir='ltr'><strong><em>ulna}</em></strong></span> <span class='ocrx_word' id='word_1_331' title='bbox 1135 3487 1189 3537; x_wconf 89' lang='lat' dir='ltr'>H</span> <span class='ocrx_word' id='word_1_332' title='bbox 1212 3488 1258 3537; x_wconf 90' lang='lat' dir='ltr'><strong>E</strong></span> <span class='ocrx_word' id='word_1_333' title='bbox 1287 3488 1338 3538; x_wconf 88' lang='lat' dir='ltr'><strong>K</strong></span> <span class='ocrx_word' id='word_1_334' title='bbox 1362 3487 1402 3536; x_wconf 88' lang='lat' dir='ltr'>Z</span> <span class='ocrx_word' id='word_1_335' title='bbox 1427 3504 1463 3537; x_wconf 84' lang='lat' dir='ltr'>v</span> <span class='ocrx_word' id='word_1_336' title='bbox 1500 3482 1742 3551; x_wconf 78' lang='grc' dir='ltr'><strong><em>(ἕσωπον</em></strong></span> <span class='ocrx_word' id='word_1_337' title='bbox 1778 3487 1849 3552; x_wconf 90' lang='grc' dir='ltr'><strong><em>Ε)</em></strong></span> <span class='ocrx_word' id='word_1_338' title='bbox 1953 3479 2327 3551; x_wconf 76' lang='grc' dir='ltr'><strong><em>ἀφικνουμέ-</em></strong></span> 
     </span>
     <span class='ocr_line' id='line_1_38' title="bbox 367 3547 2325 3621; baseline 0.001 -16.004"><span class='ocrx_word' id='word_1_339' title='bbox 367 3570 481 3605; x_wconf 85' lang='grc' dir='ltr'><strong><em>νου</em></strong></span> <span class='ocrx_word' id='word_1_340' title='bbox 517 3555 567 3604; x_wconf 96' lang='grc' dir='ltr'><em>Ὺ</em></span> <span class='ocrx_word' id='word_1_341' title='bbox 669 3558 735 3607; x_wconf 86' lang='grc'><strong><em>20</em></strong></span> <span class='ocrx_word' id='word_1_342' title='bbox 771 3548 867 3606; x_wconf 76' lang='grc' dir='ltr'><strong><em>ἐπὶ</em></strong></span> <span class='ocrx_word' id='word_1_343' title='bbox 905 3549 968 3607; x_wconf 81' lang='grc' dir='ltr'><strong><em>τὸ</em></strong></span> <span class='ocrx_word' id='word_1_344' title='bbox 1006 3548 1182 3621; x_wconf 89' lang='grc' dir='ltr'><strong><em>μέσον</em></strong></span> <span class='ocrx_word' id='word_1_345' title='bbox 1215 3554 1281 3616; x_wconf 91' lang='grc' dir='ltr'><strong><em>Ὺ,</em></strong></span> <span class='ocrx_word' id='word_1_346' title='bbox 1322 3557 1367 3618; x_wconf 78' lang='lat' dir='ltr'><strong>Q</strong></span> <span class='ocrx_word' id='word_1_347' title='bbox 1407 3547 1493 3620; x_wconf 87' lang='grc' dir='ltr'><strong><em>(τὸ</em></strong></span> <span class='ocrx_word' id='word_1_348' title='bbox 1531 3571 1601 3607; x_wconf 91' lang='lat' dir='ltr'><strong><em>m.</em></strong></span> <span class='ocrx_word' id='word_1_349' title='bbox 1625 3571 1706 3621; x_wconf 85' lang='lat' dir='ltr'><strong><em>pr.</em></strong></span> <span class='ocrx_word' id='word_1_350' title='bbox 1746 3571 1882 3607; x_wconf 81' lang='lat' dir='ltr'><em>corr.</em></span> <span class='ocrx_word' id='word_1_351' title='bbox 1920 3570 1991 3606; x_wconf 74' lang='lat' dir='ltr'><strong><em>ecc</em></strong></span> <span class='ocrx_word' id='word_1_352' title='bbox 2024 3553 2182 3620; x_wconf 56' lang='lat' dir='ltr'><strong><em>tom·</em></strong></span> <span class='ocrx_word' id='word_1_353' title='bbox 2221 3547 2325 3607; x_wconf 76' lang='grc' dir='ltr'><strong><em>ἐπὶ</em></strong></span> 
     </span>
     <span class='ocr_line' id='line_1_39' title="bbox 367 3616 891 3688; baseline 0.002 -16"><span class='ocrx_word' id='word_1_354' title='bbox 367 3620 480 3674; x_wconf 79' lang='grc' dir='ltr'><strong><em>τοῦ</em></strong></span> <span class='ocrx_word' id='word_1_355' title='bbox 514 3616 693 3688; x_wconf 85' lang='grc' dir='ltr'><strong><em>μέσου</em></strong></span> <span class='ocrx_word' id='word_1_356' title='bbox 728 3626 891 3673; x_wconf 78' lang='lat' dir='ltr'><strong><em>ceteri</em></strong></span> 
     </span>
    </p>
   </div>
  </div>
 </body>
</html>
