2563 4087
417 275 545 341 294
1236 276 1481 343 Aesopus
1520 276 1545 326 1

421 442 633 525 φησίν
674 442 1026 529 ,,Αἶσωπε’,
1063 431 1154 513 ὥς
1189 428 1353 513 θεὸς
1389 433 1749 522 σεβόμενος
1783 432 1930 522 παρ’
1971 432 2141 522 ἡμῖν
2186 440 2368 502 ἔστιν

420 546 781 625 αἴλουρος;
833 541 948 605 ἵνα
983 544 1055 605 τί
1086 537 1261 622 γοῦν
1297 538 1504 604 τοῦτο
1552 534 2021 623 πεποίηκας;“
2090 536 2206 603 καὶ
2255 532 2365 615 ὅς·

426 644 794 726 ,,Λυκῆρον
856 638 976 704 τὸν
1036 637 1315 724 βασιλέα
1367 636 1713 724 ἠδίκησεν,
1767 628 1820 705 ὦ
1871 639 2182 724 βασιλεῦ,
2244 639 2367 724 τῆς

420 739 894 826 παρελθούσης
932 738 1176 818 νυκτὸς
1226 728 1425 817 οὗτος
1463 736 1499 805 ὁ
1539 745 1887 827 αἴλουρος·
1936 735 2367 825 ἀλεκτρυόνα

369 869 395 909 5
421 838 554 929 γὰρ
604 840 818 910 αὐτοῦ
871 839 1586 928 πεφόνευκεημοῖχιμον
1634 841 1748 908 καὶ
1797 855 2144 926 γενναῖον,
2187 864 2364 926 προ·

423 944 561 1012 σε’τι
582 942 714 1029 μὴν
741 943 855 1011 καὶ
884 941 1002 1021 τὰς
1023 939 1200 1030 ὥρας
1229 940 1418 1031 αὐτῷ
1446 946 1565 1028 τῆς
1592 942 1841 1021 νυκτὸς
1869 940 2362 1029 σημαίνοντα.“

420 1046 535 1113 καὶ
564 1042 600 1112 ὁ
628 1043 975 1133 βασιλεύς·
1018 1041 1193 1131 „ofin
1230 1042 1524 1131 αἰσχύνῃ
1564 1042 2007 1131 ψευδόμενος,
2043 1051 2362 1123 Αἴσωπες

422 1151 566 1226 πῶς
602 1147 735 1234 γὰρ
769 1149 841 1214 ἐν
867 1147 984 1234 μιᾷ
1012 1144 1210 1214 νυκτὶ
1239 1152 1560 1233 αἴλουρος
1589 1143 1710 1213 ἀπ’
1750 1144 2117 1230 Αἰγύπτου
2148 1134 2365 1230 ἦλθεν

422 1255 520 1328 εἰς
535 1244 1009 1335 Βαβυλῶναίςς
1048 1245 1360 1327 κάκεῖνος
1386 1247 1731 1334 μειδιάσας
1760 1253 1934 1335 φησί
1944 1264 1958 1278 ·
2001 1246 2160 1333 „acal
2192 1248 2364 1333 πῶς,

302 1374 307 1377 ·
346 1375 396 1416 ιο
423 1341 475 1417 ὦ
523 1353 827 1439 βασιλεῦ,
881 1351 1319 1434 ἐνΒαβυλῶνι
1353 1353 1492 1416 τῶν
1541 1353 1773 1417 ἵππων
1820 1346 2365 1437 χρεμετιζόντων,

317 1525 323 1530 ,
420 1455 499 1519 αἰ
515 1451 764 1521 ἐνθάδε
780 1450 1044 1538 θήλειαι
1070 1454 1262 1518 ἵπποι
1283 1450 1889 1539 συλλαμβάνουσιν
1907 1449 1971 1532 ;“
2004 1448 2041 1516 ὁ
2071 1447 2145 1517 δὲ
2162 1455 2364 1536 βασι-

420 1553 578 1632 λεύς
605 1555 816 1620 ταῦτα
846 1551 1172 1637 ἀκούσας,
1207 1549 1331 1637 τὴν
1368 1549 1583 1620 αὐτοῦ
1614 1552 1948 1640 φρόνησιν
1978 1550 2363 1639 ἐμακάρισε.

239 1677 396 1719 xxx1
421 1654 587 1741 μετὰ
626 1653 704 1723 δὲ
738 1655 956 1722 ταῦτα
982 1652 1586 1741 μεταπεμψάμενος
1621 1657 1761 1721 τῶν
1796 1651 1918 1740 ἀφ’
1953 1651 2190 1721 Ἡλίου
2230 1653 2365 1721 πό·-

419 1763 586 1836 λεως
650 1752 906 1843 ἄνδρας
965 1754 1355 1842 ζητημάτων
1417 1760 1825 1842 σοφιστικῶν
1891 1754 2364 1841 ἐπιστήμονας,

343 1880 394 1921 15
421 1858 535 1926 καὶ
584 1859 737 1945 περὶ
775 1860 898 1925 τοῦ
942 1855 1271 1927 Αἰσώπου
1309 1858 1683 1943 διαλεχθεὶς
1732 1855 1995 1942 αὐτοῖς,
2044 1856 2363 1924 ἐκάλεσεν

421 1956 558 2047 ἅμα
605 1964 699 2050 τῷ
752 1958 1056 2051 Αἰσώπῳ
1112 1954 1216 2026 ἐπ’
1274 1956 1589 2046 εὐωχίαν.
1675 1957 2186 2027 ἀνακλιθέντων
2233 1947 2364 2026 οὖν

425 2055 682 2149 αὐτῶν,
713 2064 849 2130 τῶν
871 2060 1430 2152 Ἡλίου-πολιτῶν
1457 2070 1561 2141 τίς
1590 2081 1753 2149 φησι
1780 2061 1948 2150 πρὸς
1974 2059 2100 2128 τὸν
2128 2070 2363 2131 Αἴσω-

561 2361 589 2409 1
625 2358 691 2409 θ.
736 2375 794 2409 π.
830 2351 886 2423 ἡ
925 2350 1044 2410 ἐστὶ
1081 2353 1228 2423 σεβό
1273 2374 1400 2418 ενος
1445 2357 1559 2409 αἴλ.
1602 2359 1650 2410 Q
1823 2351 2005 2427 ἐστιν]
2050 2350 2276 2410 ἐστὶν
2246 2377 2278 2410 ο
2318 2359 2363 2422 Ω

561 2429 591 2476 2
633 2420 796 2478 ἷνατί
826 2427 872 2489 Ω
911 2420 1010 2477 ἵνα
1044 2424 1100 2477 τὶ
1136 2425 1187 2475 D
1223 2376 1322 2477 gnae
1361 2422 1414 2477 τὶ
1454 2427 1505 2477 Κ
1643 2415 1704 2484 ὃς
1737 2428 1928 2490 saecum
1965 2443 2037 2477 ex
2072 2420 2176 2486 ὥς
2167 2427 2236 2476 Κ

419 2498 451 2547 3
478 2490 745 2576 βασιλεὺς
765 2494 805 2542 Ζ
908 2486 1320 2559 4οῗλεκτρύονα
1344 2493 1392 2543 R
1495 2497 1526 2545 5
1551 2494 1882 2573 προσετίθει
1901 2488 2105 2560 μὴνΦ.
2129 2491 2364 2558 προσέτι

419 2577 490 2644 γε
518 2557 635 2629 μὴν
670 2562 721 2612 Κ
745 2563 784 2611 Ζ
810 2579 844 2611 v
880 2564 1085 2613 rectius.
1216 2564 1247 2612 6
1293 2559 1397 2626 τῆς
1433 2555 1641 2622 νυκτὸς
1686 2569 1801 2620 nost
1840 2561 2204 2628 σημαίνοντα
2241 2562 2364 2625 (ση-

419 2626 596 2695 μένον
622 2626 694 2682 τὰ
720 2628 793 2691 Ρ)
829 2633 1061 2681 conlocat
1087 2628 1135 2679 Q
1238 2627 1620 2694 σημαίνοντος
1660 2630 1710 2680 V
1811 2632 1844 2681 8
1880 2628 2151 2695 αἴλουρος
2175 2646 2269 2682 om.
2297 2628 2362 2685 Q,

429 2696 708 2763 αἴλουρον
745 2699 796 2748 Κ
923 2700 954 2748 9
993 2693 1170 2776 φησὶν
1209 2697 1256 2746 R
1281 2698 1334 2747 H
1360 2696 1405 2745 E
1430 2697 1480 2746 Κ
1505 2697 1545 2745 Ζ
1573 2713 1605 2746 v
1745 2700 1808 2747 10
1846 2695 2038 2749 ἵππων
2074 2713 2147 2747 ex
2181 2695 2363 2747 ἵππον
2390 2705 2398 2710 ·

420 2782 556 2816 corr.
593 2765 633 2813 Z
797 2758 1283 2831 χρεμμετιζόντων
1323 2765 1515 2827 sactum
1549 2781 1622 2814 ex
1657 2779 1937 2829 χρημμητ.
1975 2765 2019 2814 Ρ
2111 2763 2362 2847 ρθμμετ.

420 2831 492 2893 Α,
539 2849 701 2897 supra
735 2835 946 2896 scripsit
983 2849 1008 2885 ε
1044 2833 1093 2881 Α
1115 2834 1173 2894 2,
1222 2825 1701 2898 χρεμεντιζόντων
1736 2832 1788 2882 Κ
1832 2847 2072 2899 χρεματι
2106 2830 2293 2884 ὄντων
2329 2831 2367 2882 J

477 2945 483 2953 '
556 2950 609 2998 in
664 2966 822 3015 mary.
837 2941 972 3031 (ἡ.)
1011 2947 1061 2998 D
1238 2952 1297 3000 11
1348 2899 1545 3028 συέόιιβ.
1578 2949 1637 2999 Μ
1681 2900 2105 3017 συέαβᾶνουσιν
2142 2951 2190 3014 Ω

425 3018 485 3065 12
523 3009 629 3093 τὴν
653 3032 750 3080 φρ.
779 3008 961 3069 αὐτοῦ
986 3017 1031 3066 F
1059 3018 1110 3067 K
1135 3017 1174 3066 Z
1200 3034 1230 3066 v
1340 3010 1686 3097 ἔμακοὶρισεν
1716 3017 1775 3066 Μ
1787 3018 1844 3098 Ω
1871 3017 1919 3068 Q
1943 3017 1991 3067 Ε
2102 3021 2166 3069 13
2188 3033 2366 3085 μετα-

419 3075 797 3164 μεμψαμενος
819 3085 897 3163 9.
933 3076 1314 3151 πεμψάμενος
1351 3084 1398 3136 Φ
1502 3086 1615 3136 τῶν
1640 3075 1737 3150 ἀφ’
1766 3077 1822 3150 ἡ.
1849 3085 1924 3135 V:
1962 3076 2066 3166 ἀφ’
2106 3076 2163 3151 ἡ.
2202 3089 2367 3137 ceteri

557 3143 726 3217 ἡλιου
754 3146 973 3211 πόλεως
1012 3154 1179 3204 deleto
1218 3156 1306 3218 qui
1337 3155 1389 3202 in
1427 3169 1446 3203 ι
1484 3162 1601 3204 erat
1627 3161 1847 3208 accentu
1881 3152 1932 3201 D
1969 3144 2366 3233 ἡλιουπόλεως

415 3218 478 3268 Μ
501 3218 547 3281 Ω
576 3218 621 3267 Ε
647 3219 685 3270 J
847 3223 909 3270 14
947 3217 1235 3284 σοφιστῶν
1273 3221 1322 3298 ξ
1476 3203 1861 3287 ἔπιστημόνας
1895 3219 1947 3270 D
2109 3223 2180 3271 46
2185 3212 2364 3337 ’.ἅνα-

418 3332 780 3388 κλινθέντων
815 3337 860 3387 F
882 3338 919 3388 J
944 3354 995 3402 v
1046 3341 1098 3388 in
1134 3339 1185 3389 K
1229 3344 1262 3390 l.
1306 3355 1325 3388 ι
1360 3356 1522 3405 supra
1557 3342 1738 3391 lineam
1774 3342 1979 3391 adiecta
2006 3338 2063 3420 (.
2085 3303 2278 3392 aalma
2300 3340 2364 3403 .‚)

413 3394 860 3457 ἅνακλιθέντων
892 3407 1094 3488 factum
1138 3423 1210 3457 ex
1252 3397 1713 3459 ανακλιθένθων
1755 3409 1808 3457 in
1854 3407 1939 3468 Ζ.
1987 3399 2367 3474 ἀνακληθέν-

416 3488 530 3521 των
571 3472 611 3519 Ρ
762 3475 823 3523 17
871 3466 1044 3536 ἡλίου
1089 3473 1339 3525 πολιτῶν
1375 3474 1447 3534 R,
1489 3476 1531 3524 P
1579 3477 1695 3534 (sed
1737 3477 2017 3525 coniunctis
2059 3473 2364 3536 uocabulis),

421 3539 467 3586 Α
492 3537 535 3584 F
558 3539 623 3586 K
634 3538 673 3586 Z
698 3556 757 3588 v.
804 3491 1221 3605 ἢλιουπολιτών
1264 3542 1315 3592 Ὺ
1338 3542 1394 3592 Μ
1420 3512 1466 3605 Ω
1494 3544 1546 3593 Η
1572 3544 1617 3593 E
1643 3542 1681 3593 J
1724 3536 2148 3607 ἡλιουπολιτων
2184 3541 2236 3592 D
2286 3543 2360 3604 cf.

418 3599 640 3652 Lbbeok
678 3606 892 3658 Pathol.
929 3606 1079 3661 elem.
1117 3609 1161 3670 1,
1199 3611 1298 3659 565
