2563 4087
1080 280 1330 349 Aesopus
1365 284 1393 332 1
2082 281 2209 345 269

262 441 349 509 τὰ
402 441 639 527 ἐφεξῆς
688 438 1156 508 καταλίπετε.ις
1229 440 1345 507 καὶ
1383 436 1419 506 ὁ
1459 439 1730 520 Ξάνθος
1766 437 1908 576 ἤδηι
1927 440 2208 528 μεθύων

267 549 472 630 φησί
529 540 819 629 ,,σιωπα,
871 557 1015 621 τοῖς
1054 543 1127 610 ἐν
1154 538 1395 611 ’Ἀιδου
1435 540 1930 628 συμβούλευεῆ
2006 544 2121 610 καὶ
2170 539 2206 610 ὁ

267 652 624 722 Αἴσωπος
678 641 988 728 ,,ούκοῦν
1023 643 1139 709 καὶ
1187 647 1286 722 εἰς
1302 639 1541 711 ’Ἀιδου
1591 642 2205 731 κατασπασθήσῃίί.

263 749 405 813 τῶν
466 743 544 814 δὲ
605 748 1061 830 σχολαστικῶν
1121 769 1221 823 τις
1281 743 1876 830 ύποβεβρεγμένον
1937 741 2063 832 ήδη
2121 747 2203 833 τῇ

264 847 446 934 μέθῃ
507 843 629 913 τὸν
676 844 955 924 Ξάνθον
1011 844 1181 914 ἰδων
1240 846 1355 912 καὶ
1402 843 1480 913 τὸ
1530 842 1692 912 ὅλον
1740 852 1957 914 εἰπεῖν
2018 853 2207 914 οἰνο-
2234 871 2260 911 5

265 950 517 1034 πλῆγα,
557 944 1029 1034 ,,καθηγητά“,
1080 952 1252 1032 φησί
1286 945 1636 1031 ,,δύναται’
1663 973 1759 1026 τις
1798 950 2051 1015 ἐκπιεῖν
2084 946 2209 1035 τὴν

265 1048 617 1118 θάλατταν
654 1045 1095 1132 ἄνθρωπος“;
1133 1048 1248 1114 καὶ
1287 1044 1395 1124 ὃς·
1438 1046 1672 1134 ,,πα’νυ
1708 1046 1833 1135 μὲν
1870 1038 2018 1116 οὖν.
2078 1046 2208 1133 ἐγώ

266 1150 400 1238 γὰρ
450 1148 658 1229 αὐτὸς
705 1148 963 1235 ταύτην
1015 1147 1398 1236 ἐκπίομαιςι.
1482 1150 1597 1216 καὶ
1653 1145 1688 1215 ὁ
1741 1149 2205 1234 σχολαστικός·

270 1258 384 1339 »εἰ
429 1250 495 1318 δ’
549 1249 632 1318 οὐ
671 1248 964 1338 δυνήσῃ,
1012 1257 1085 1318 τί
1128 1251 1297 1317 ποτέ
1327 1241 1430 1319 σοι
1474 1258 1726 1338 τίμημα
1766 1249 2207 1338 ἐπιγράψωιίς

267 1355 385 1421 καὶ
420 1350 461 1421 ὁ
497 1351 803 1431 Ξάνθος·
856 1349 1032 1436 ,,τὴν
1068 1357 1298 1419 οἰκίαν
1333 1378 1465 1438 μου
1503 1354 1740 1439 τίθημι
1775 1355 2020 1420 πᾶσαν.
2092 1354 2207 1420 καὶ
2235 1378 2285 1416 10

273 1455 386 1523 ἐπὶ
419 1453 687 1533 τούτοις
723 1452 1171 1540 καταθέμενοι
1202 1452 1367 1532 τούς
1404 1456 1841 1540 δακτυλίους,
1875 1452 1997 1532 τὰς
2033 1472 2206 1521 συν·

266 1555 488 1642 θήκας
527 1555 902 1645 ἐκύρωσαν.
968 1553 1121 1623 τότε
1154 1552 1283 1640 μὲν
1331 1545 1468 1650 οὖν,
1506 1554 1950 1642 διελύθησαν·
2000 1556 2085 1642 τῇ
2136 1552 2202 1622 δ’

268 1655 601 1747 ὑστεραίᾳ
629 1663 890 1743 πρωίας
930 1656 1396 1744 ἐξεγερθέντος
1430 1659 1552 1723 τοῦ
1591 1656 1900 1741 Ξάνθου,
1934 1656 2049 1723 καὶ
2084 1654 2210 1741 τήν

267 1785 339 1827 τε
376 1756 537 1838 ὄψιν
571 1758 951 1844 νιψαμένου
995 1758 1109 1824 καὶ
1157 1756 1283 1824 τὸν
1331 1757 1694 1825 δακτύλιον
1732 1760 1806 1826 ἐν
1840 1759 1935 1847 τῷ
1972 1765 2208 1826 νίπτε-

271 1871 432 1929 σθαι
466 1860 556 1947 μὴ
599 1859 891 1945 ἰδόντος,
940 1859 1054 1926 καὶ
1089 1857 1212 1926 τὸν
1249 1867 1577 1927 Αἴσωπον
1622 1860 1775 1946 περὶ
1815 1858 2033 1926 αὐτοῦ
2071 1883 2200 1926 πυ·
2236 1882 2285 1921 15

267 1962 598 2049 θομένου,
631 1963 885 2039 ἐκεῖνος
906 1958 1084 2048 „ofin
1113 1957 1345 2047 οἷδα“,
1373 1965 1548 2047 φησί
1581 1967 1701 2047 ,,τί
1721 1984 1881 2026 ποτε
1906 1961 2206 2046 γέγονεν.

273 2068 350 2132 ἓν
384 2058 453 2133 δ’
507 2061 661 2132 οἶδα
696 2060 937 2149 μόνον,
987 2059 1089 2130 ὅτι
1121 2065 1240 2147 τῆς
1291 2066 1513 2140 οἰκίας
1550 2065 1807 2130 σαυτοῦ
1858 2057 2210 2150 ἀλλότριος

276 2164 637 2251 γέγοναςςί.
674 2161 847 2233 καὶὸ
870 2162 1161 2243 Ξάνθος·
1195 2159 1345 2250 ,,ὅτι
1370 2168 1442 2231 τί
1463 2161 1549 2248 δή
1563 2160 1634 2245 “;
1664 2159 1835 2230 καὶὸ
1857 2161 2210 2242 Αἴσωπος·

276 2265 426 2355 ,,ὅτι
442 2265 568 2352 τὴν
586 2264 750 2351 χθὲς
767 2264 1051 2352 μεθύων
1078 2265 1384 2333 συνέθου
1404 2262 1528 2352 τὴν
1545 2263 1895 2389 θοῖλατταν
1919 2266 2206 2333 ἐκπιεῖν·

409 2483 436 2530 1
476 2470 568 2545 τὰ]
606 2472 740 2538 τούς
774 2478 825 2529 V
943 2477 1281 2530 κατελίπετε
1316 2479 1367 2529 V
1389 2478 1439 2528 Β
1474 2476 1836 2539 καταλίπετε,
1872 2493 1910 2526 α
1945 2482 2056 2528 loco
2093 2493 2210 2526 era·

271 2564 362 2599 sae
387 2552 422 2600 l.
453 2562 480 2598 ε
507 2546 574 2610 Q,
610 2544 993 2627 ”catalla-wat
1017 2546 1069 2594 D
1105 2545 1462 2597 καταλίποιτε
1500 2544 1548 2595 Φ
1572 2546 1619 2596 Ε
1644 2545 1700 2595 H
1801 2513 1836 2593 2’
1870 2532 1987 2613 αδῃ
2009 2545 2056 2595 Ε
2082 2545 2136 2593 Η
2161 2545 2212 2593 Κ

270 2615 311 2664 Ζ
333 2631 371 2665 v
499 2617 532 2665 3
566 2605 673 2665 οὐκ
711 2602 817 2665 οὖν
853 2613 894 2662 Ζ
1050 2606 1288 2671 εἰςαδου
1321 2613 1366 2663 Ρ
1401 2619 1458 2663 ut
1490 2614 1522 2662 2
1558 2604 1773 2663 ἐνᾶδου
1915 2626 2211 2663 κατασπα-

272 2682 482 2748 σθείση
521 2681 570 2733 Φ
596 2682 663 2744 Ε,
701 2674 1133 2747 κατασπαθήση
1170 2681 1221 2729 D
1323 2683 1358 2731 4
1394 2672 1507 2732 ὑπὸ
1535 2673 1930 2747 βεβραγμένον
1964 2679 2031 2744 Ρ,
2067 2674 2212 2731 ὐπο-

271 2766 656 2866 βεβρεγμένος
686 2799 756 2863 D,
795 2816 828 2850 ν
864 2800 987 2852 add.
1024 2798 1074 2847 D
1101 2800 1131 2848 2
1270 2796 1373 2863 τῆς
1422 2792 1611 2883 μέθης
1657 2797 1708 2848 V
1861 2800 1893 2849 5
1929 2788 1993 2849 τὸ
2033 2814 2126 2849 om.
2163 2798 2208 2847 E

268 2869 324 2917 H
348 2869 402 2917 K
425 2868 466 2916 Z
493 2883 526 2916 v
664 2869 696 2918 6
734 2880 915 2933 φησιν
950 2866 994 2915 Ε
1135 2816 1412 2944 δυναταῖ]
1455 2865 1523 2917 αί
1555 2859 1610 2928 Q
1627 2868 1658 2916 2
1690 2881 1814 2932 pro
1814 2875 1859 2916 ε
1999 2867 2028 2917 7
2065 2855 2210 2916 ³02³.-

184 2945 193 2952 ‘
274 2936 491 2986 λατταν
678 2950 708 2985 e
741 2938 774 2985 l.
815 2935 845 2985 λ
882 2936 1053 2985 deleta
1087 2933 1155 2997 Β,
1204 2926 1513 2986 θάλασσαν
1548 2933 1598 2984 V
1768 2935 1802 2984 8
1840 2926 2127 2999 ἔκπίωμαι
2164 2934 2211 2983 Β

407 3005 441 3053 9
474 2994 512 3068 ἡ
559 3000 628 3052 οὗ
664 3002 710 3051 Ρ
865 2999 975 3053 δυν
980 2992 1104 3067 ήθη
1143 3003 1191 3052 Β
1342 3016 1432 3053 σοι
1466 2997 1531 3053 τὸ
1568 3001 1682 3066 τίμ.
1720 2992 1872 3067 (τήμ.
1908 3000 1976 3066 Ρ)
2015 3002 2063 3053 Φ

275 3072 338 3121 1-0
373 3063 642 3187 τὴνὲθτὶν
675 3070 720 3119 Ρ
841 3018 1015 3134 τίθηη
1021 3085 1119 3134 μοι
1155 3070 1201 3119 Ρ
1326 3071 1388 3119 11
1425 3084 1561 3128 τους
1598 3067 1761 3120 δακτ.
1795 3069 2011 3121 καταθ.
2051 3072 2098 3133 Q

275 3205 338 3254 12
375 3154 652 3255 &migma
692 3204 739 3266 Q
780 3200 868 3268 (m.
896 3219 974 3269 pr.
987 3202 1059 3269 ⁶1³),
1103 3194 1500 3283 διελεύθησαν
1537 3205 1572 3254 b
1611 3206 1742 3256 1530
1892 3206 1954 3255 13
1993 3195 2213 3269 ἐξεγερ-

270 3266 501 3331 θὲνθος
537 3271 578 3321 Ζ
614 3264 1024 3350 ἑξεργεθέντος
1059 3272 1110 3320 D
1217 3275 1301 3350 13ae
1316 3265 1425 3337 τὴν
1460 3287 1522 3322 τε
1559 3272 1606 3322 Β
1641 3289 1709 3338 τη
1713 3290 1748 3323 ν
1786 3267 1853 3323 δὲ
1889 3272 1929 3320 Ζ
2036 3273 2102 3322 14
2131 3287 2215 3321 νι-

272 3332 536 3405 ψαμενος
569 3338 617 3388 Β
686 3398 712 3457 ἐ
763 3330 885 3405 τὸν]
926 3333 989 3390 τὸ
1027 3339 1126 3457 ΦΑ
1222 3337 1529 3458 “f-12¹3}
1563 3407 1622 3458 Μ
1646 3289 1752 3469 {bb
1769 3330 2214 3486 ἰξρνὶοἷέπιείδῖό)

270 3406 453 3525 ζῖςδΦ
472 3408 916 3525 &Organagmgg
947 3423 1040 3526 Ἧι
1064 3459 1309 3526 ενδοῖδα
1344 3475 1389 3524 P
1527 3472 1767 3537 σαυτοῦ]
1811 3464 1991 3525 αὐτοῦ
2026 3473 2077 3521 D

274 3544 338 3592 18
372 3539 474 3593 καὶ
511 3534 541 3593 ὁ
580 3538 649 3596 Ξ.
690 3558 782 3594 om.
822 3541 871 3593 Φ
1041 3544 1178 3593 incer
1213 3541 1264 3605 ξ.
1304 3550 1357 3593 et
1391 3558 1481 3594 οτι
1515 3545 1568 3592 in
1604 3543 1655 3591 D
1692 3544 1907 3592 deletum
1941 3538 2042 3592 καὶ

276 3612 337 3661 19
372 3604 546 3676 ἰχθὲς
581 3609 629 3658 A
768 3604 1076 3662 θάλασσαν
1113 3609 1161 3658 Α
1298 3613 1458 3662 πιεῖν
1496 3612 1542 3673 Q
