<?xml version="1.0" encoding="UTF-8"?>
<!DOCTYPE html PUBLIC "-//W3C//DTD XHTML 1.0 Transitional//EN"
    "http://www.w3.org/TR/xhtml1/DTD/xhtml1-transitional.dtd">
<html xmlns="http://www.w3.org/1999/xhtml" xml:lang="en" lang="en">
 <head>
  <title>
</title>
<meta http-equiv="Content-Type" content="text/html;charset=utf-8" />
  <meta name='ocr-system' content='tesseract 3.04.00' />
  <meta name='ocr-capabilities' content='ocr_page ocr_carea ocr_par ocr_line ocrx_word'/>
</head>
<body>
  <div class='ocr_page' id='page_1' title='image "./fabulaeromanens00aphtgoog_0273.png"; bbox 0 0 2563 4087; ppageno 0'>
   <div class='ocr_carea' id='block_1_1' title="bbox 1050 287 2173 355">
    <p class='ocr_par' dir='ltr' id='par_1_1' title="bbox 1050 287 2173 355">
     <span class='ocr_line' id='line_1_1' title="bbox 1050 287 2173 355; baseline 0.01 -16"><span class='ocrx_word' id='word_1_1' title='bbox 1050 290 1299 355; x_wconf 79' lang='lat' dir='ltr'>Aesopus</span> <span class='ocrx_word' id='word_1_2' title='bbox 1334 290 1361 340; x_wconf 93' lang='lat'>1</span> <span class='ocrx_word' id='word_1_3' title='bbox 2051 287 2173 351; x_wconf 76' lang='grc'><strong><em>257</em></strong></span> 
     </span>
    </p>
   </div>
   <div class='ocr_carea' id='block_1_2' title="bbox 230 443 2179 1143">
    <p class='ocr_par' dir='ltr' id='par_1_2' title="bbox 230 443 2179 1143">
     <span class='ocr_line' id='line_1_2' title="bbox 232 443 2178 535; baseline -0.002 -19"><span class='ocrx_word' id='word_1_4' title='bbox 232 446 636 534; x_wconf 81' lang='grc' dir='ltr'><strong><em>στήσαντος,</em></strong></span> <span class='ocrx_word' id='word_1_5' title='bbox 704 447 820 514; x_wconf 83' lang='grc' dir='ltr'><strong><em>καὶ</em></strong></span> <span class='ocrx_word' id='word_1_6' title='bbox 890 448 974 535; x_wconf 82' lang='grc' dir='ltr'><strong><em>τῇ</em></strong></span> <span class='ocrx_word' id='word_1_7' title='bbox 1038 447 1312 532; x_wconf 88' lang='grc' dir='ltr'><strong><em>γυναικὶ</em></strong></span> <span class='ocrx_word' id='word_1_8' title='bbox 1377 444 1696 532; x_wconf 80' lang='grc' dir='ltr'><strong><em>συνήθως</em></strong></span> <span class='ocrx_word' id='word_1_9' title='bbox 1757 443 2178 534; x_wconf 78' lang='grc' dir='ltr'><strong><em>ὁρμήσαντος</em></strong></span> 
     </span>
     <span class='ocr_line' id='line_1_3' title="bbox 232 546 2179 637; baseline -0.001 -21"><span class='ocrx_word' id='word_1_10' title='bbox 232 555 674 636; x_wconf 80' lang='grc' dir='ltr'><strong><em>προσλαλεῖν,</em></strong></span> <span class='ocrx_word' id='word_1_11' title='bbox 715 550 935 635; x_wconf 81' lang='grc' dir='ltr'><strong><em>ἐκείνη</em></strong></span> <span class='ocrx_word' id='word_1_12' title='bbox 971 548 1218 616; x_wconf 81' lang='grc' dir='ltr'><strong><em>τοῦτον</em></strong></span> <span class='ocrx_word' id='word_1_13' title='bbox 1254 546 1768 637; x_wconf 77' lang='grc' dir='ltr'><strong><em>ἅποστραφεῖσοέ</em></strong></span> <span class='ocrx_word' id='word_1_14' title='bbox 1803 564 1994 634; x_wconf 87' lang='grc' dir='ltr'><strong><em>φησι·</em></strong></span> <span class='ocrx_word' id='word_1_15' title='bbox 2037 547 2179 634; x_wconf 93' lang='grc' dir='ltr'><strong><em>,,μή</em></strong></span> 
     </span>
     <span class='ocr_line' id='line_1_4' title="bbox 233 646 2177 743; baseline -0.001 -25"><span class='ocrx_word' id='word_1_16' title='bbox 233 676 370 737; x_wconf 86' lang='grc' dir='ltr'><strong><em>μου</em></strong></span> <span class='ocrx_word' id='word_1_17' title='bbox 398 656 701 743; x_wconf 24' lang='grc' dir='ltr'><strong><em>,πλησίον</em></strong></span> <span class='ocrx_word' id='word_1_18' title='bbox 727 651 920 737; x_wconf 87' lang='grc' dir='ltr'><strong><em>γε’νῃ.</em></strong></span> <span class='ocrx_word' id='word_1_19' title='bbox 985 649 1104 728; x_wconf 83' lang='grc' dir='ltr'><strong><em>δός</em></strong></span> <span class='ocrx_word' id='word_1_20' title='bbox 1138 675 1251 736; x_wconf 91' lang='grc' dir='ltr'><strong><em>μοι</em></strong></span> <span class='ocrx_word' id='word_1_21' title='bbox 1285 648 1410 735; x_wconf 88' lang='grc' dir='ltr'><strong><em>τὴν</em></strong></span> <span class='ocrx_word' id='word_1_22' title='bbox 1446 664 1694 736; x_wconf 85' lang='grc' dir='ltr'><strong><em>προῖκα</em></strong></span> <span class='ocrx_word' id='word_1_23' title='bbox 1730 650 1845 718; x_wconf 88' lang='grc' dir='ltr'><strong><em>καὶ</em></strong></span> <span class='ocrx_word' id='word_1_24' title='bbox 1882 646 2177 717; x_wconf 82' lang='grc' dir='ltr'><strong><em>ἀπελεύ-</em></strong></span> 
     </span>
     <span class='ocr_line' id='line_1_5' title="bbox 230 740 2175 838; baseline -0.001 -18"><span class='ocrx_word' id='word_1_25' title='bbox 230 772 451 838; x_wconf 89' lang='grc' dir='ltr'><strong><em>σομαι.</em></strong></span> <span class='ocrx_word' id='word_1_26' title='bbox 527 748 691 819; x_wconf 76' lang='grc' dir='ltr'><strong><em>οὐδὲ</em></strong></span> <span class='ocrx_word' id='word_1_27' title='bbox 738 749 872 837; x_wconf 75' lang='grc' dir='ltr'><strong><em>γαρ</em></strong></span> <span class='ocrx_word' id='word_1_28' title='bbox 919 746 1006 817; x_wconf 76' lang='grc' dir='ltr'><strong><em>ἄν</em></strong></span> <span class='ocrx_word' id='word_1_29' title='bbox 1052 757 1352 837; x_wconf 83' lang='grc' dir='ltr'><strong><em>μείναιμι</em></strong></span> <span class='ocrx_word' id='word_1_30' title='bbox 1400 749 1532 817; x_wconf 75' lang='grc' dir='ltr'><strong><em>σὺν</em></strong></span> <span class='ocrx_word' id='word_1_31' title='bbox 1580 740 1688 818; x_wconf 84' lang='grc' dir='ltr'><strong><em>σοὶ</em></strong></span> <span class='ocrx_word' id='word_1_32' title='bbox 1733 748 2175 819; x_wconf 74' lang='grc' dir='ltr'><strong><em>τούντεῦθεν.</em></strong></span> 
     </span>
     <span class='ocr_line' id='line_1_6' title="bbox 232 842 2179 939; baseline -0.001 -18"><span class='ocrx_word' id='word_1_33' title='bbox 232 853 319 921; x_wconf 80' lang='grc' dir='ltr'><strong>σύ</strong></span> <span class='ocrx_word' id='word_1_34' title='bbox 360 850 426 919; x_wconf 78' lang='grc' dir='ltr'><strong><em>δ’</em></strong></span> <span class='ocrx_word' id='word_1_35' title='bbox 471 849 796 921; x_wconf 74' lang='grc' dir='ltr'><strong><em>ἄπελθτὸν</em></strong></span> <span class='ocrx_word' id='word_1_36' title='bbox 831 849 957 938; x_wconf 84' lang='grc' dir='ltr'><strong><em>τὴν</em></strong></span> <span class='ocrx_word' id='word_1_37' title='bbox 983 850 1162 920; x_wconf 90' lang='grc' dir='ltr'><strong><em>κύνα</em></strong></span> <span class='ocrx_word' id='word_1_38' title='bbox 1189 851 1542 937; x_wconf 78' lang='grc' dir='ltr'><strong><em>κολάκευε,</em></strong></span> <span class='ocrx_word' id='word_1_39' title='bbox 1576 842 1622 939; x_wconf 82' lang='grc' dir='ltr'><em>ᾗ</em></span> <span class='ocrx_word' id='word_1_40' title='bbox 1662 853 2023 939; x_wconf 80' lang='grc' dir='ltr'><strong><em>πέπομφας</em></strong></span> <span class='ocrx_word' id='word_1_41' title='bbox 2059 852 2179 931; x_wconf 77' lang='grc' dir='ltr'><strong><em>τὰς</em></strong></span> 
     </span>
     <span class='ocr_line' id='line_1_7' title="bbox 233 951 2179 1043; baseline -0.001 -22"><span class='ocrx_word' id='word_1_42' title='bbox 233 952 587 1043; x_wconf 81' lang='grc' dir='ltr'><strong><em>μερίδας“.</em></strong></span> <span class='ocrx_word' id='word_1_43' title='bbox 652 954 767 1021; x_wconf 84' lang='grc' dir='ltr'><strong><em>καὶ</em></strong></span> <span class='ocrx_word' id='word_1_44' title='bbox 796 951 832 1019; x_wconf 89' lang='grc' dir='ltr'>ὁ</span> <span class='ocrx_word' id='word_1_45' title='bbox 862 951 1135 1033; x_wconf 74' lang='grc' dir='ltr'><strong><em>Ξάνθος</em></strong></span> <span class='ocrx_word' id='word_1_46' title='bbox 1165 951 1521 1038; x_wconf 80' lang='grc' dir='ltr'><strong><em>ἐκπλαγεὶς</em></strong></span> <span class='ocrx_word' id='word_1_47' title='bbox 1550 954 1758 1038; x_wconf 81' lang='grc' dir='ltr'><strong><em>λέγει·</em></strong></span> <span class='ocrx_word' id='word_1_48' title='bbox 1792 952 1971 1039; x_wconf 83' lang='grc' dir='ltr'><strong><em>,,οὕκ</em></strong></span> <span class='ocrx_word' id='word_1_49' title='bbox 2000 958 2179 1021; x_wconf 77' lang='grc' dir='ltr'><strong><em>ἔστιν</em></strong></span> 
     </span>
     <span class='ocr_line' id='line_1_8' title="bbox 234 1051 2175 1143; baseline 0 -22"><span class='ocrx_word' id='word_1_50' title='bbox 234 1052 421 1134; x_wconf 79' lang='grc' dir='ltr'><strong><em>ὅπως</em></strong></span> <span class='ocrx_word' id='word_1_51' title='bbox 486 1051 616 1121; x_wconf 79' lang='grc' dir='ltr'><strong><em>οὐκ</em></strong></span> <span class='ocrx_word' id='word_1_52' title='bbox 677 1052 933 1143; x_wconf 74' lang='grc' dir='ltr'><strong><em>ἤρτυσέ</em></strong></span> <span class='ocrx_word' id='word_1_53' title='bbox 986 1060 1111 1141; x_wconf 91' lang='grc' dir='ltr'><strong><em>μοί</em></strong></span> <span class='ocrx_word' id='word_1_54' title='bbox 1152 1078 1214 1122; x_wconf 89' lang='grc' dir='ltr'><strong><em>τι</em></strong></span> <span class='ocrx_word' id='word_1_55' title='bbox 1261 1052 1476 1122; x_wconf 85' lang='grc' dir='ltr'><strong><em>κακὸν</em></strong></span> <span class='ocrx_word' id='word_1_56' title='bbox 1526 1054 1729 1122; x_wconf 78' lang='grc' dir='ltr'><strong><em>πάλιν</em></strong></span> <span class='ocrx_word' id='word_1_57' title='bbox 1783 1054 2175 1133; x_wconf 77' lang='grc' dir='ltr'><strong><em>Αἴσωπος“.</em></strong></span> 
     </span>
    </p>
   </div>
   <div class='ocr_carea' id='block_1_3' title="bbox 113 1152 2177 1243">
    <p class='ocr_par' dir='ltr' id='par_1_3' title="bbox 113 1152 2177 1243">
     <span class='ocr_line' id='line_1_9' title="bbox 113 1152 2177 1243; baseline -0 -20"><span class='ocrx_word' id='word_1_58' title='bbox 113 1190 122 1203; x_wconf 87' lang='grc'>-</span> <span class='ocrx_word' id='word_1_59' title='bbox 233 1157 346 1223; x_wconf 89' lang='grc' dir='ltr'><strong><em>καὶ</em></strong></span> <span class='ocrx_word' id='word_1_60' title='bbox 388 1155 559 1243; x_wconf 83' lang='grc' dir='ltr'><strong><em>πρὸς</em></strong></span> <span class='ocrx_word' id='word_1_61' title='bbox 595 1154 721 1242; x_wconf 81' lang='grc' dir='ltr'><strong><em>τὴν</em></strong></span> <span class='ocrx_word' id='word_1_62' title='bbox 756 1152 1053 1241; x_wconf 81' lang='grc' dir='ltr'><strong><em>γυναῖκά</em></strong></span> <span class='ocrx_word' id='word_1_63' title='bbox 1090 1172 1283 1242; x_wconf 83' lang='grc' dir='ltr'><strong><em>φησι·</em></strong></span> <span class='ocrx_word' id='word_1_64' title='bbox 1334 1163 1615 1243; x_wconf 89' lang='grc' dir='ltr'><strong><em>,,κυρία,</em></strong></span> <span class='ocrx_word' id='word_1_65' title='bbox 1656 1157 1824 1243; x_wconf 80' lang='grc' dir='ltr'><strong><em>ἐμοῦ</em></strong></span> <span class='ocrx_word' id='word_1_66' title='bbox 1861 1156 2177 1223; x_wconf 50' lang='grc' dir='ltr'><strong><em>πεπωκόν</em></strong></span> 
     </span>
    </p>
   </div>
   <div class='ocr_carea' id='block_1_4' title="bbox 229 1254 2178 2361">
    <p class='ocr_par' dir='ltr' id='par_1_4' title="bbox 229 1254 2178 2361">
     <span class='ocr_line' id='line_1_10' title="bbox 231 1254 2176 1345; baseline 0 -21"><span class='ocrx_word' id='word_1_67' title='bbox 231 1283 345 1336; x_wconf 89' lang='grc' dir='ltr'><strong><em>τος</em></strong></span> <span class='ocrx_word' id='word_1_68' title='bbox 400 1256 487 1325; x_wconf 79' lang='grc' dir='ltr'><em>σύ</em></span> <span class='ocrx_word' id='word_1_69' title='bbox 538 1256 853 1343; x_wconf 74' lang='grc' dir='ltr'><strong><em>μεθύειςς</em></strong></span> <span class='ocrx_word' id='word_1_70' title='bbox 917 1264 1055 1325; x_wconf 87' lang='grc' dir='ltr'><strong><em>τίνι</em></strong></span> <span class='ocrx_word' id='word_1_71' title='bbox 1104 1255 1226 1336; x_wconf 79' lang='grc' dir='ltr'><strong><em>τὰς</em></strong></span> <span class='ocrx_word' id='word_1_72' title='bbox 1287 1261 1566 1345; x_wconf 80' lang='grc' dir='ltr'><strong><em>μερίδας</em></strong></span> <span class='ocrx_word' id='word_1_73' title='bbox 1612 1258 1957 1343; x_wconf 80' lang='grc' dir='ltr'><strong><em>πέπομφα,</em></strong></span> <span class='ocrx_word' id='word_1_74' title='bbox 2021 1254 2176 1341; x_wconf 80' lang='grc' dir='ltr'><strong><em>οὐχὶ</em></strong></span> 
     </span>
     <span class='ocr_line' id='line_1_11' title="bbox 237 1347 2178 1447; baseline -0.001 -21"><span class='ocrx_word' id='word_1_75' title='bbox 237 1356 435 1441; x_wconf 81' lang='grc' dir='ltr'><strong><em>σοί“;</em></strong></span> <span class='ocrx_word' id='word_1_76' title='bbox 479 1357 620 1446; x_wconf 82' lang='grc' dir='ltr'><strong><em>,,μα</em></strong></span> <span class='ocrx_word' id='word_1_77' title='bbox 662 1347 821 1445; x_wconf 75' lang='grc' dir='ltr'><strong><em>Δί’,</em></strong></span> <span class='ocrx_word' id='word_1_78' title='bbox 860 1359 1006 1445; x_wconf 81' lang='grc' dir='ltr'><strong><em>ἐμοὶ</em></strong></span> <span class='ocrx_word' id='word_1_79' title='bbox 1044 1356 1169 1446; x_wconf 71' lang='grc' dir='ltr'><strong><em>μὲν</em></strong></span> <span class='ocrx_word' id='word_1_80' title='bbox 1205 1355 1368 1444; x_wconf 51' lang='grc' dir='ltr'><strong><em>οὔίί,</em></strong></span> <span class='ocrx_word' id='word_1_81' title='bbox 1405 1360 1617 1445; x_wconf 79' lang='grc' dir='ltr'><strong><em>φησὶν</em></strong></span> <span class='ocrx_word' id='word_1_82' title='bbox 1656 1361 1877 1444; x_wconf 81' lang='grc' dir='ltr'><strong><em>ἐκείνη</em></strong></span> <span class='ocrx_word' id='word_1_83' title='bbox 1918 1358 2048 1447; x_wconf 84' lang='grc' dir='ltr'><strong><em>,,τῃ’</em></strong></span> <span class='ocrx_word' id='word_1_84' title='bbox 2101 1357 2178 1426; x_wconf 74' lang='grc' dir='ltr'><strong><em>δὲ</em></strong></span> 
     </span>
     <span class='ocr_line' id='line_1_12' title="bbox 231 1454 2173 1552; baseline 0 -25"><span class='ocrx_word' id='word_1_85' title='bbox 231 1467 400 1529; x_wconf 88' lang='grc' dir='ltr'><strong><em>κυνί</em></strong></span> <span class='ocrx_word' id='word_1_86' title='bbox 409 1458 475 1526; x_wconf 79' lang='grc'><strong><em>“.</em></strong></span> <span class='ocrx_word' id='word_1_87' title='bbox 585 1461 699 1527; x_wconf 85' lang='grc' dir='ltr'><strong><em>καὶ</em></strong></span> <span class='ocrx_word' id='word_1_88' title='bbox 736 1454 772 1527; x_wconf 84' lang='grc' dir='ltr'>ὁ</span> <span class='ocrx_word' id='word_1_89' title='bbox 812 1459 1084 1539; x_wconf 74' lang='grc' dir='ltr'><strong><em>Ξάνθος</em></strong></span> <span class='ocrx_word' id='word_1_90' title='bbox 1119 1462 1214 1551; x_wconf 76' lang='grc' dir='ltr'><strong><em>τῷ</em></strong></span> <span class='ocrx_word' id='word_1_91' title='bbox 1254 1459 1562 1552; x_wconf 67' lang='grc' dir='ltr'><strong><em>Αἰσώπῳ</em></strong></span> <span class='ocrx_word' id='word_1_92' title='bbox 1611 1456 1930 1546; x_wconf 70' lang='grc' dir='ltr'><strong><em>κληθέντι</em></strong></span> <span class='ocrx_word' id='word_1_93' title='bbox 1975 1466 2173 1546; x_wconf 87' lang='grc' dir='ltr'><strong><em>φησί·</em></strong></span> 
     </span>
     <span class='ocr_line' id='line_1_13' title="bbox 237 1558 2173 1649; baseline -0.001 -20"><span class='ocrx_word' id='word_1_94' title='bbox 237 1569 421 1647; x_wconf 89' lang='grc' dir='ltr'><strong><em>,,τίνι</em></strong></span> <span class='ocrx_word' id='word_1_95' title='bbox 446 1561 749 1640; x_wconf 77' lang='grc' dir='ltr'><strong><em>δέδωκας</em></strong></span> <span class='ocrx_word' id='word_1_96' title='bbox 774 1561 897 1640; x_wconf 80' lang='grc' dir='ltr'><strong><em>τὰς</em></strong></span> <span class='ocrx_word' id='word_1_97' title='bbox 916 1559 1286 1648; x_wconf 80' lang='grc' dir='ltr'><strong><em>μερίδας“;</em></strong></span> <span class='ocrx_word' id='word_1_98' title='bbox 1314 1559 1626 1640; x_wconf 74' lang='grc' dir='ltr'><strong><em>κάκεῖνος</em></strong></span> <span class='ocrx_word' id='word_1_99' title='bbox 1642 1579 1656 1593; x_wconf 88' lang='grc'><em>·</em></span> <span class='ocrx_word' id='word_1_100' title='bbox 1682 1562 1811 1649; x_wconf 83' lang='grc' dir='ltr'><strong><em>,,τῇ</em></strong></span> <span class='ocrx_word' id='word_1_101' title='bbox 1835 1558 2173 1649; x_wconf 80' lang='grc' dir='ltr'><strong><em>εὐνοούσῃ</em></strong></span> 
     </span>
     <span class='ocr_line' id='line_1_14' title="bbox 232 1657 2176 1752; baseline -0.001 -21"><span class='ocrx_word' id='word_1_102' title='bbox 232 1657 410 1731; x_wconf 79' lang='grc' dir='ltr'><strong><em>σοι“.</em></strong></span> <span class='ocrx_word' id='word_1_103' title='bbox 473 1664 591 1732; x_wconf 84' lang='grc' dir='ltr'><strong><em>καὶ</em></strong></span> <span class='ocrx_word' id='word_1_104' title='bbox 630 1661 800 1752; x_wconf 84' lang='grc' dir='ltr'><strong><em>πρὸς</em></strong></span> <span class='ocrx_word' id='word_1_105' title='bbox 826 1661 949 1749; x_wconf 85' lang='grc' dir='ltr'><strong><em>τὴν</em></strong></span> <span class='ocrx_word' id='word_1_106' title='bbox 976 1678 1272 1748; x_wconf 86' lang='grc' dir='ltr'><strong><em>γυναῖκα</em></strong></span> <span class='ocrx_word' id='word_1_107' title='bbox 1310 1660 1347 1729; x_wconf 85' lang='grc' dir='ltr'>ὁ</span> <span class='ocrx_word' id='word_1_108' title='bbox 1386 1661 1690 1742; x_wconf 74' lang='grc' dir='ltr'><strong><em>Ξάνθος·</em></strong></span> <span class='ocrx_word' id='word_1_109' title='bbox 1733 1660 1990 1748; x_wconf 74' lang='grc' dir='ltr'><strong><em>,,οὐὸὲν</em></strong></span> <span class='ocrx_word' id='word_1_110' title='bbox 2017 1667 2176 1730; x_wconf 83' lang='grc' dir='ltr'><strong><em>ἔλα-</em></strong></span> 
     </span>
     <span class='ocr_line' id='line_1_15' title="bbox 231 1760 2178 1852; baseline -0.001 -20"><span class='ocrx_word' id='word_1_111' title='bbox 231 1762 422 1851; x_wconf 80' lang='grc' dir='ltr'><strong><em>βες“;</em></strong></span> <span class='ocrx_word' id='word_1_112' title='bbox 460 1761 773 1851; x_wconf 72' lang='grc' dir='ltr'><strong><em>κάκείνη·</em></strong></span> <span class='ocrx_word' id='word_1_113' title='bbox 815 1761 1141 1851; x_wconf 80' lang='grc' dir='ltr'><strong><em>,,ου’δε’ν“.</em></strong></span> <span class='ocrx_word' id='word_1_114' title='bbox 1206 1765 1322 1831; x_wconf 84' lang='grc' dir='ltr'><strong><em>καὶ</em></strong></span> <span class='ocrx_word' id='word_1_115' title='bbox 1360 1760 1396 1830; x_wconf 87' lang='grc' dir='ltr'>ὁ</span> <span class='ocrx_word' id='word_1_116' title='bbox 1434 1772 1788 1843; x_wconf 77' lang='grc' dir='ltr'><strong><em>Αἴσωπος·</em></strong></span> <span class='ocrx_word' id='word_1_117' title='bbox 1828 1771 2010 1848; x_wconf 81' lang='grc' dir='ltr'><strong><em>,,τι’νι</em></strong></span> <span class='ocrx_word' id='word_1_118' title='bbox 2045 1766 2178 1852; x_wconf 77' lang='grc' dir='ltr'><strong><em>γὰρ</em></strong></span> 
     </span>
     <span class='ocr_line' id='line_1_16' title="bbox 235 1855 2176 1954; baseline 0 -21"><span class='ocrx_word' id='word_1_119' title='bbox 235 1867 596 1944; x_wconf 75' lang='grc' dir='ltr'><strong><em>ἐκέλευσας</em></strong></span> <span class='ocrx_word' id='word_1_120' title='bbox 631 1864 752 1944; x_wconf 78' lang='grc' dir='ltr'><strong><em>τὰς</em></strong></span> <span class='ocrx_word' id='word_1_121' title='bbox 787 1870 1066 1954; x_wconf 77' lang='grc' dir='ltr'><strong><em>μερίδας</em></strong></span> <span class='ocrx_word' id='word_1_122' title='bbox 1094 1869 1410 1952; x_wconf 79' lang='grc' dir='ltr'><strong><em>δοθῆναι,</em></strong></span> <span class='ocrx_word' id='word_1_123' title='bbox 1449 1855 1501 1932; x_wconf 76' lang='grc' dir='ltr'><em>ὦ</em></span> <span class='ocrx_word' id='word_1_124' title='bbox 1537 1865 1907 1945; x_wconf 78' lang='grc' dir='ltr'><strong><em>δε’σποτα“;</em></strong></span> <span class='ocrx_word' id='word_1_125' title='bbox 1944 1863 2176 1933; x_wconf 74' lang='grc' dir='ltr'><strong><em>κάκεῖ-</em></strong></span> 
     </span>
     <span class='ocr_line' id='line_1_17' title="bbox 230 1964 2176 2056; baseline -0.001 -22"><span class='ocrx_word' id='word_1_126' title='bbox 230 1984 381 2047; x_wconf 88' lang='grc' dir='ltr'><strong><em>νος·</em></strong></span> <span class='ocrx_word' id='word_1_127' title='bbox 440 1969 572 2056; x_wconf 82' lang='grc' dir='ltr'><strong><em>,,τῇ</em></strong></span> <span class='ocrx_word' id='word_1_128' title='bbox 614 1964 954 2055; x_wconf 81' lang='grc' dir='ltr'><strong><em>εὐνοούσῃ</em></strong></span> <span class='ocrx_word' id='word_1_129' title='bbox 992 1965 1173 2054; x_wconf 84' lang='grc' dir='ltr'><strong><em>μοι“.</em></strong></span> <span class='ocrx_word' id='word_1_130' title='bbox 1253 1966 1368 2033; x_wconf 84' lang='grc' dir='ltr'><strong><em>καὶ</em></strong></span> <span class='ocrx_word' id='word_1_131' title='bbox 1406 1964 1443 2033; x_wconf 85' lang='grc' dir='ltr'>ὁ</span> <span class='ocrx_word' id='word_1_132' title='bbox 1483 1975 1806 2045; x_wconf 80' lang='grc' dir='ltr'><strong><em>Αἴσωπος</em></strong></span> <span class='ocrx_word' id='word_1_133' title='bbox 1840 1964 1963 2053; x_wconf 85' lang='grc' dir='ltr'><strong><em>τὴν</em></strong></span> <span class='ocrx_word' id='word_1_134' title='bbox 1999 1966 2176 2033; x_wconf 86' lang='grc' dir='ltr'><strong><em>κύνα</em></strong></span> 
     </span>
     <span class='ocr_line' id='line_1_18' title="bbox 233 2063 2178 2158; baseline -0.002 -21"><span class='ocrx_word' id='word_1_135' title='bbox 233 2068 586 2158; x_wconf 82' lang='grc' dir='ltr'><strong><em>φωνήσας,</em></strong></span> <span class='ocrx_word' id='word_1_136' title='bbox 615 2066 835 2156; x_wconf 56' lang='lat' dir='ltr'><strong><em>„affl-⁹2</em></strong></span> <span class='ocrx_word' id='word_1_137' title='bbox 865 2068 1014 2136; x_wconf 85' lang='grc' dir='ltr'><strong><em>σοι“</em></strong></span> <span class='ocrx_word' id='word_1_138' title='bbox 1047 2075 1258 2156; x_wconf 88' lang='grc' dir='ltr'><strong><em>φησίν</em></strong></span> <span class='ocrx_word' id='word_1_139' title='bbox 1288 2066 1583 2154; x_wconf 82' lang='grc' dir='ltr'><strong><em>,,εὐνοεῖ.</em></strong></span> <span class='ocrx_word' id='word_1_140' title='bbox 1621 2066 1663 2155; x_wconf 78' lang='grc' dir='ltr'><em>ἡ</em></span> <span class='ocrx_word' id='word_1_141' title='bbox 1691 2066 1824 2155; x_wconf 83' lang='grc' dir='ltr'><strong><em>γὰρ</em></strong></span> <span class='ocrx_word' id='word_1_142' title='bbox 1842 2067 2018 2154; x_wconf 87' lang='grc' dir='ltr'><strong><em>γυνὴ</em></strong></span> <span class='ocrx_word' id='word_1_143' title='bbox 2045 2063 2178 2135; x_wconf 75' lang='grc' dir='ltr'><strong><em>κᾶν</em></strong></span> 
     </span>
     <span class='ocr_line' id='line_1_19' title="bbox 230 2165 2175 2262; baseline -0.001 -23"><span class='ocrx_word' id='word_1_144' title='bbox 230 2168 505 2239; x_wconf 77' lang='grc' dir='ltr'><strong><em>εὐνοεῖν</em></strong></span> <span class='ocrx_word' id='word_1_145' title='bbox 532 2171 727 2259; x_wconf 84' lang='grc' dir='ltr'><strong><em>λέγῃ,</em></strong></span> <span class='ocrx_word' id='word_1_146' title='bbox 763 2169 902 2237; x_wconf 79' lang='grc' dir='ltr'><strong><em>ἀλλ’</em></strong></span> <span class='ocrx_word' id='word_1_147' title='bbox 939 2168 1044 2238; x_wconf 83' lang='grc' dir='ltr'><strong><em>ἐπ’</em></strong></span> <span class='ocrx_word' id='word_1_148' title='bbox 1087 2172 1414 2262; x_wconf 73' lang='grc' dir='ltr'><strong><em>ἐλαχίστῳ</em></strong></span> <span class='ocrx_word' id='word_1_149' title='bbox 1442 2165 1795 2256; x_wconf 78' lang='grc' dir='ltr'><strong><em>ἀλγήσασα</em></strong></span> <span class='ocrx_word' id='word_1_150' title='bbox 1823 2168 2175 2256; x_wconf 79' lang='grc' dir='ltr'><strong><em>ἀντιλέγει,</em></strong></span> 
     </span>
     <span class='ocr_line' id='line_1_20' title="bbox 229 2268 2175 2361; baseline 0 -22"><span class='ocrx_word' id='word_1_151' title='bbox 229 2273 659 2360; x_wconf 78' lang='grc' dir='ltr'><strong><em>λοιδορεῖται,</em></strong></span> <span class='ocrx_word' id='word_1_152' title='bbox 697 2270 1040 2361; x_wconf 76' lang='grc' dir='ltr'><strong><em>ἀναχωρεῖ</em></strong></span> <span class='ocrx_word' id='word_1_153' title='bbox 1051 2288 1064 2302; x_wconf 85' lang='grc'><em>·</em></span> <span class='ocrx_word' id='word_1_154' title='bbox 1104 2270 1230 2358; x_wconf 87' lang='grc' dir='ltr'><strong><em>τὴν</em></strong></span> <span class='ocrx_word' id='word_1_155' title='bbox 1256 2272 1487 2358; x_wconf 81' lang='grc' dir='ltr'><strong><em>μέντοι</em></strong></span> <span class='ocrx_word' id='word_1_156' title='bbox 1514 2269 1693 2340; x_wconf 88' lang='grc' dir='ltr'><strong><em>κύνα</em></strong></span> <span class='ocrx_word' id='word_1_157' title='bbox 1718 2270 1969 2358; x_wconf 85' lang='grc' dir='ltr'><strong><em>τύψον,</em></strong></span> <span class='ocrx_word' id='word_1_158' title='bbox 2005 2268 2175 2339; x_wconf 76' lang='grc' dir='ltr'><strong><em>ἀπέ-</em></strong></span> 
     </span>
    </p>
   </div>
   <div class='ocr_carea' id='block_1_5' title="bbox 226 2460 2175 2668">
    <p class='ocr_par' dir='ltr' id='par_1_5' title="bbox 226 2460 2175 2668">
     <span class='ocr_line' id='line_1_21' title="bbox 372 2460 2175 2533; baseline 0.001 -17"><span class='ocrx_word' id='word_1_159' title='bbox 372 2470 398 2516; x_wconf 97' lang='grc'>1</span> <span class='ocrx_word' id='word_1_160' title='bbox 437 2460 784 2533; x_wconf 76' lang='grc' dir='ltr'><strong><em>ὁρμίσαντος</em></strong></span> <span class='ocrx_word' id='word_1_161' title='bbox 819 2468 854 2517; x_wconf 90' lang='lat' dir='ltr'>b</span> <span class='ocrx_word' id='word_1_162' title='bbox 892 2469 1040 2520; x_wconf 81' lang='lat'>1530.</span> <span class='ocrx_word' id='word_1_163' title='bbox 1081 2470 1210 2519; x_wconf 80' lang='lat'>1547</span> <span class='ocrx_word' id='word_1_164' title='bbox 1383 2470 1414 2518; x_wconf 81' lang='lat'>2</span> <span class='ocrx_word' id='word_1_165' title='bbox 1458 2469 1803 2530; x_wconf 79' lang='grc' dir='ltr'><strong><em>προσλαλεῖν</em></strong></span> <span class='ocrx_word' id='word_1_166' title='bbox 1851 2471 1884 2517; x_wconf 83' lang='lat' dir='ltr'><strong><em>l.</em></strong></span> <span class='ocrx_word' id='word_1_167' title='bbox 1934 2470 1962 2517; x_wconf 90' lang='grc' dir='ltr'><strong><em>λ</em></strong></span> <span class='ocrx_word' id='word_1_168' title='bbox 2008 2471 2175 2518; x_wconf 79' lang='lat' dir='ltr'><em>altera</em></span> 
     </span>
     <span class='ocr_line' id='line_1_22' title="bbox 226 2528 2175 2601; baseline -0.001 -15"><span class='ocrx_word' id='word_1_169' title='bbox 226 2540 425 2586; x_wconf 79' lang='lat' dir='ltr'><em>mutata</em></span> <span class='ocrx_word' id='word_1_170' title='bbox 458 2536 513 2585; x_wconf 81' lang='lat' dir='ltr'><strong><em>in</em></strong></span> <span class='ocrx_word' id='word_1_171' title='bbox 548 2534 590 2600; x_wconf 81' lang='grc' dir='ltr'>β</span> <span class='ocrx_word' id='word_1_172' title='bbox 622 2536 662 2584; x_wconf 92' lang='grc' dir='ltr'>Ζ</span> <span class='ocrx_word' id='word_1_173' title='bbox 697 2528 842 2599; x_wconf 79' lang='grc' dir='ltr'><strong><em>πρὸς</em></strong></span> <span class='ocrx_word' id='word_1_174' title='bbox 876 2528 941 2587; x_wconf 81' lang='grc' dir='ltr'><strong><em>τὸ</em></strong></span> <span class='ocrx_word' id='word_1_175' title='bbox 980 2535 1180 2586; x_wconf 78' lang='grc' dir='ltr'><strong><em>λαλεῖν</em></strong></span> <span class='ocrx_word' id='word_1_176' title='bbox 1215 2535 1263 2585; x_wconf 91' lang='grc' dir='ltr'><strong><em>Φ</em></strong></span> <span class='ocrx_word' id='word_1_177' title='bbox 1371 2533 1537 2601; x_wconf 89' lang='grc' dir='ltr'><strong><em>φησι]</em></strong></span> <span class='ocrx_word' id='word_1_178' title='bbox 1575 2530 1688 2597; x_wconf 74' lang='grc' dir='ltr'><strong><em>ἔφη</em></strong></span> <span class='ocrx_word' id='word_1_179' title='bbox 1725 2534 1772 2583; x_wconf 81' lang='lat' dir='ltr'>R</span> <span class='ocrx_word' id='word_1_180' title='bbox 1893 2537 1924 2585; x_wconf 83' lang='lat'><strong>3</strong></span> <span class='ocrx_word' id='word_1_181' title='bbox 1960 2538 2175 2596; x_wconf 79' lang='grc' dir='ltr'><strong><em>προῖκα</em></strong></span> 
     </span>
     <span class='ocr_line' id='line_1_23' title="bbox 227 2592 2174 2668; baseline -0.001 -14"><span class='ocrx_word' id='word_1_182' title='bbox 227 2618 343 2667; x_wconf 81' lang='grc' dir='ltr'><strong><em>μον</em></strong></span> <span class='ocrx_word' id='word_1_183' title='bbox 379 2598 481 2653; x_wconf 81' lang='grc' dir='ltr'><strong><em>καὶ</em></strong></span> <span class='ocrx_word' id='word_1_184' title='bbox 518 2602 565 2665; x_wconf 99' lang='grc' dir='ltr'>Ω</span> <span class='ocrx_word' id='word_1_185' title='bbox 589 2603 639 2653; x_wconf 83' lang='lat' dir='ltr'>R</span> <span class='ocrx_word' id='word_1_186' title='bbox 665 2604 717 2653; x_wconf 90' lang='lat' dir='ltr'><strong>K</strong></span> <span class='ocrx_word' id='word_1_187' title='bbox 741 2619 776 2652; x_wconf 87' lang='lat' dir='ltr'><strong>v</strong></span> <span class='ocrx_word' id='word_1_188' title='bbox 818 2620 914 2667; x_wconf 85' lang='grc' dir='ltr'><strong><em>πρ.</em></strong></span> <span class='ocrx_word' id='word_1_189' title='bbox 960 2619 1057 2668; x_wconf 87' lang='grc' dir='ltr'><strong><em>μοι</em></strong></span> <span class='ocrx_word' id='word_1_190' title='bbox 1103 2599 1203 2654; x_wconf 78' lang='grc' dir='ltr'><strong><em>καὶ</em></strong></span> <span class='ocrx_word' id='word_1_191' title='bbox 1239 2604 1279 2652; x_wconf 90' lang='grc' dir='ltr'><strong>Ζ</strong></span> <span class='ocrx_word' id='word_1_192' title='bbox 1451 2605 1484 2652; x_wconf 88' lang='grc'>4</span> <span class='ocrx_word' id='word_1_193' title='bbox 1531 2592 1707 2653; x_wconf 74' lang='grc' dir='ltr'><strong><em>οὐδὲν</em></strong></span> <span class='ocrx_word' id='word_1_194' title='bbox 1739 2602 1774 2651; x_wconf 90' lang='lat' dir='ltr'>b</span> <span class='ocrx_word' id='word_1_195' title='bbox 1821 2599 2057 2666; x_wconf 83' lang='lat' dir='ltr'><strong><em>(praeter</em></strong></span> <span class='ocrx_word' id='word_1_196' title='bbox 2093 2602 2174 2653; x_wconf 82' lang='lat' dir='ltr'><strong><em>ed.</em></strong></span> 
     </span>
    </p>
   </div>
   <div class='ocr_carea' id='block_1_6' title="bbox 2204 879 2231 919">
    <p class='ocr_par' dir='ltr' id='par_1_6' title="bbox 2204 879 2231 919">
     <span class='ocr_line' id='line_1_24' title="bbox 2204 879 2231 919; baseline 0 0"><span class='ocrx_word' id='word_1_197' title='bbox 2204 879 2231 919; x_wconf 83' lang='lat'><strong>5</strong></span> 
     </span>
    </p>
   </div>
   <div class='ocr_carea' id='block_1_7' title="bbox 2205 1382 2255 1420">
    <p class='ocr_par' dir='ltr' id='par_1_7' title="bbox 2205 1382 2255 1420">
     <span class='ocr_line' id='line_1_25' title="bbox 2205 1382 2255 1420; baseline 0 0"><span class='ocrx_word' id='word_1_198' title='bbox 2205 1382 2255 1420; x_wconf 89' lang='grc'><strong><em>10</em></strong></span> 
     </span>
    </p>
   </div>
   <div class='ocr_carea' id='block_1_8' title="bbox 2213 1688 2379 1739">
    <p class='ocr_par' dir='ltr' id='par_1_8' title="bbox 2213 1688 2379 1739">
     <span class='ocr_line' id='line_1_26' title="bbox 2213 1688 2379 1739; baseline -0.024 -9"><span class='ocrx_word' id='word_1_199' title='bbox 2213 1698 2256 1739; x_wconf 84' lang='lat' dir='ltr'><strong><em>p.</em></strong></span> <span class='ocrx_word' id='word_1_200' title='bbox 2268 1688 2322 1728; x_wconf 76' lang='lat'><strong><em>42</em></strong></span> <span class='ocrx_word' id='word_1_201' title='bbox 2335 1688 2379 1728; x_wconf 84' lang='lat' dir='ltr'><strong><em>b.</em></strong></span> 
     </span>
    </p>
   </div>
   <div class='ocr_carea' id='block_1_9' title="bbox 2205 1891 2253 1930">
    <p class='ocr_par' dir='ltr' id='par_1_9' title="bbox 2205 1891 2253 1930">
     <span class='ocr_line' id='line_1_27' title="bbox 2205 1891 2253 1930; baseline 0 0"><span class='ocrx_word' id='word_1_202' title='bbox 2205 1891 2253 1930; x_wconf 87' lang='lat'><strong><em>15</em></strong></span> 
     </span>
    </p>
   </div>
   <div class='ocr_carea' id='block_1_10' title="bbox 226 2668 2172 2737">
    <p class='ocr_par' dir='ltr' id='par_1_10' title="bbox 226 2668 2172 2737">
     <span class='ocr_line' id='line_1_28' title="bbox 226 2668 2172 2737; baseline -0.002 -16"><span class='ocrx_word' id='word_1_203' title='bbox 226 2670 450 2734; x_wconf 80' lang='lat' dir='ltr'>Neuel.)</span> <span class='ocrx_word' id='word_1_204' title='bbox 570 2669 767 2737; x_wconf 86' lang='grc' dir='ltr'><strong><em>μείναι</em></strong></span> <span class='ocrx_word' id='word_1_205' title='bbox 803 2673 858 2734; x_wconf 78' lang='grc' dir='ltr'><strong><em>(ἱ.</em></strong></span> <span class='ocrx_word' id='word_1_206' title='bbox 893 2687 913 2720; x_wconf 91' lang='grc' dir='ltr'><strong><em>ι</em></strong></span> <span class='ocrx_word' id='word_1_207' title='bbox 942 2669 1116 2735; x_wconf 77' lang='lat' dir='ltr'><em>finali)</em></span> <span class='ocrx_word' id='word_1_208' title='bbox 1154 2687 1219 2736; x_wconf 89' lang='grc' dir='ltr'><strong><em>μι</em></strong></span> <span class='ocrx_word' id='word_1_209' title='bbox 1253 2669 1313 2718; x_wconf 87' lang='grc' dir='ltr'><strong>Μ</strong></span> <span class='ocrx_word' id='word_1_210' title='bbox 1356 2672 1558 2734; x_wconf 80' lang='grc' dir='ltr'><strong><em>μεῖναι</em></strong></span> <span class='ocrx_word' id='word_1_211' title='bbox 1582 2685 1681 2733; x_wconf 89' lang='grc' dir='ltr'><strong><em>μοι</em></strong></span> <span class='ocrx_word' id='word_1_212' title='bbox 1719 2668 1770 2717; x_wconf 94' lang='lat' dir='ltr'>D</span> <span class='ocrx_word' id='word_1_213' title='bbox 1806 2672 2006 2735; x_wconf 77' lang='grc' dir='ltr'><strong><em>μεῖναι</em></strong></span> <span class='ocrx_word' id='word_1_214' title='bbox 2030 2685 2102 2733; x_wconf 90' lang='grc' dir='ltr'><strong><em>με</em></strong></span> <span class='ocrx_word' id='word_1_215' title='bbox 2128 2670 2172 2718; x_wconf 89' lang='grc' dir='ltr'>Ε</span> 
     </span>
    </p>
   </div>
   <div class='ocr_carea' id='block_1_11' title="bbox 225 2736 2176 3021">
    <p class='ocr_par' dir='ltr' id='par_1_11' title="bbox 225 2736 2173 2951">
     <span class='ocr_line' id='line_1_29' title="bbox 226 2736 2037 2804; baseline -0.002 -14"><span class='ocrx_word' id='word_1_216' title='bbox 226 2736 433 2803; x_wconf 83' lang='grc' dir='ltr'><strong><em>μείναι</em></strong></span> <span class='ocrx_word' id='word_1_217' title='bbox 466 2754 538 2801; x_wconf 86' lang='grc' dir='ltr'><strong><em>με</em></strong></span> <span class='ocrx_word' id='word_1_218' title='bbox 572 2739 654 2800; x_wconf 83' lang='grc' dir='ltr'><strong><em>Η;</em></strong></span> <span class='ocrx_word' id='word_1_219' title='bbox 698 2740 750 2788; x_wconf 75' lang='lat' dir='ltr'><strong><em>in</em></strong></span> <span class='ocrx_word' id='word_1_220' title='bbox 787 2738 832 2800; x_wconf 90' lang='lat' dir='ltr'>Q</span> <span class='ocrx_word' id='word_1_221' title='bbox 880 2738 1141 2804; x_wconf 84' lang='grc' dir='ltr'><strong><em>μείναιμι</em></strong></span> <span class='ocrx_word' id='word_1_222' title='bbox 1185 2741 1281 2789; x_wconf 74' lang='lat' dir='ltr'><strong><em>sed</em></strong></span> <span class='ocrx_word' id='word_1_223' title='bbox 1325 2754 1346 2787; x_wconf 89' lang='grc' dir='ltr'><strong><em>ι</em></strong></span> <span class='ocrx_word' id='word_1_224' title='bbox 1385 2738 1619 2788; x_wconf 80' lang='lat' dir='ltr'><strong><em>radendo</em></strong></span> <span class='ocrx_word' id='word_1_225' title='bbox 1649 2738 1843 2800; x_wconf 78' lang='lat' dir='ltr'><strong><em>factum</em></strong></span> <span class='ocrx_word' id='word_1_226' title='bbox 1878 2753 1948 2787; x_wconf 73' lang='lat' dir='ltr'><strong><em>ex</em></strong></span> <span class='ocrx_word' id='word_1_227' title='bbox 1983 2752 2037 2786; x_wconf 91' lang='grc' dir='ltr'><strong><em>οι</em></strong></span> 
     </span>
     <span class='ocr_line' id='line_1_30' title="bbox 225 2791 2173 2873; baseline 0 -18"><span class='ocrx_word' id='word_1_228' title='bbox 225 2821 417 2858; x_wconf 81' lang='grc' dir='ltr'><strong><em>τοεντ.</em></strong></span> <span class='ocrx_word' id='word_1_229' title='bbox 455 2805 586 2857; x_wconf 88' lang='lat' dir='ltr'><strong><em>VM</em></strong></span> <span class='ocrx_word' id='word_1_230' title='bbox 610 2805 731 2855; x_wconf 93' lang='lat' dir='ltr'><strong><em>AD</em></strong></span> <span class='ocrx_word' id='word_1_231' title='bbox 767 2798 945 2857; x_wconf 76' lang='grc' dir='ltr'><strong><em>τοέντ.</em></strong></span> <span class='ocrx_word' id='word_1_232' title='bbox 984 2808 1028 2857; x_wconf 93' lang='grc' dir='ltr'>Ρ</span> <span class='ocrx_word' id='word_1_233' title='bbox 1065 2799 1128 2856; x_wconf 85' lang='grc' dir='ltr'><strong><em>τὸ</em></strong></span> <span class='ocrx_word' id='word_1_234' title='bbox 1168 2798 1278 2861; x_wconf 80' lang='grc' dir='ltr'><strong><em>ἑντ.</em></strong></span> <span class='ocrx_word' id='word_1_235' title='bbox 1318 2805 1365 2868; x_wconf 98' lang='grc' dir='ltr'>Ω</span> <span class='ocrx_word' id='word_1_236' title='bbox 1390 2805 1438 2854; x_wconf 90' lang='lat' dir='ltr'><strong>R</strong></span> <span class='ocrx_word' id='word_1_237' title='bbox 1594 2806 1625 2854; x_wconf 81' lang='lat'>5</span> <span class='ocrx_word' id='word_1_238' title='bbox 1662 2791 1696 2873; x_wconf 80' lang='grc' dir='ltr'><strong><em>ᾖ</em></strong></span> <span class='ocrx_word' id='word_1_239' title='bbox 1737 2802 1881 2855; x_wconf 70' lang='lat' dir='ltr'><strong><em>nal?</em></strong></span> <span class='ocrx_word' id='word_1_240' title='bbox 2007 2806 2039 2853; x_wconf 85' lang='grc'>6</span> <span class='ocrx_word' id='word_1_241' title='bbox 2077 2798 2173 2856; x_wconf 78' lang='grc' dir='ltr'><strong><em>οὐ·</em></strong></span> 
     </span>
     <span class='ocr_line' id='line_1_31' title="bbox 228 2864 2084 2951; baseline -0.001 -27"><span class='ocrx_word' id='word_1_242' title='bbox 228 2867 448 2939; x_wconf 77' lang='grc' dir='ltr'><strong><em>κέστην</em></strong></span> <span class='ocrx_word' id='word_1_243' title='bbox 479 2873 526 2923; x_wconf 89' lang='grc' dir='ltr'>Ρ</span> <span class='ocrx_word' id='word_1_244' title='bbox 666 2876 695 2924; x_wconf 85' lang='grc'>7</span> <span class='ocrx_word' id='word_1_245' title='bbox 733 2864 944 2940; x_wconf 82' lang='grc' dir='ltr'><strong><em>ἤρτησε</em></strong></span> <span class='ocrx_word' id='word_1_246' title='bbox 981 2875 1029 2925; x_wconf 88' lang='lat' dir='ltr'>R</span> <span class='ocrx_word' id='word_1_247' title='bbox 1169 2865 1351 2925; x_wconf 69' lang='grc' dir='ltr'><strong><em>πάλιν</em></strong></span> <span class='ocrx_word' id='word_1_248' title='bbox 1387 2889 1482 2927; x_wconf 83' lang='grc' dir='ltr'><strong><em>οηι.</em></strong></span> <span class='ocrx_word' id='word_1_249' title='bbox 1518 2871 1595 2951; x_wconf 48' lang='grc'><strong><em>1),</em></strong></span> <span class='ocrx_word' id='word_1_250' title='bbox 1709 2864 1740 2924; x_wconf 86' lang='grc' dir='ltr'><em>ὃ</em></span> <span class='ocrx_word' id='word_1_251' title='bbox 1777 2871 1896 2925; x_wconf 81' lang='grc' dir='ltr'><strong><em>αἴσ.</em></strong></span> <span class='ocrx_word' id='word_1_252' title='bbox 1936 2872 1984 2923; x_wconf 89' lang='grc' dir='ltr'><strong><em>Φ</em></strong></span> <span class='ocrx_word' id='word_1_253' title='bbox 2009 2872 2084 2947; x_wconf 46' lang='lat' dir='ltr'><strong><em>R,</em></strong></span> 
     </span>
    </p>

    <p class='ocr_par' dir='ltr' id='par_1_12' title="bbox 228 2935 2176 3021">
     <span class='ocr_line' id='line_1_32' title="bbox 228 2935 2176 3021; baseline 0 -30"><span class='ocrx_word' id='word_1_254' title='bbox 228 2943 263 2991; x_wconf 84' lang='lat'>8</span> <span class='ocrx_word' id='word_1_255' title='bbox 298 2940 476 3004; x_wconf 80' lang='grc' dir='ltr'><strong><em>κυρία</em></strong></span> <span class='ocrx_word' id='word_1_256' title='bbox 505 2949 630 3021; x_wconf 72' lang='lat' dir='ltr'><strong><em>pose</em></strong></span> <span class='ocrx_word' id='word_1_257' title='bbox 666 2935 736 2993; x_wconf 78' lang='grc' dir='ltr'><strong><em>σὺ</em></strong></span> <span class='ocrx_word' id='word_1_258' title='bbox 772 2940 849 3007; x_wconf 86' lang='grc'><strong><em>(9)</em></strong></span> <span class='ocrx_word' id='word_1_259' title='bbox 884 2944 1117 2993; x_wconf 79' lang='lat' dir='ltr'><em>conlocat</em></span> <span class='ocrx_word' id='word_1_260' title='bbox 1151 2941 1199 2991; x_wconf 91' lang='grc' dir='ltr'><strong><em>Φ</em></strong></span> <span class='ocrx_word' id='word_1_261' title='bbox 1372 2955 1693 3000; x_wconf 74' lang='grc' dir='ltr'><strong><em>πεποκοτος</em></strong></span> <span class='ocrx_word' id='word_1_262' title='bbox 1726 2940 1777 2991; x_wconf 92' lang='lat' dir='ltr'><strong>V</strong></span> <span class='ocrx_word' id='word_1_263' title='bbox 1949 2943 1981 2992; x_wconf 83' lang='lat'>9</span> <span class='ocrx_word' id='word_1_264' title='bbox 2018 2956 2176 3008; x_wconf 77' lang='grc' dir='ltr'><strong><em>ουχι·</em></strong></span> 
     </span>
    </p>
   </div>
   <div class='ocr_carea' id='block_1_12' title="bbox 228 3001 2263 3075">
    <p class='ocr_par' dir='ltr' id='par_1_13' title="bbox 228 3001 2263 3075">
     <span class='ocr_line' id='line_1_33' title="bbox 228 3001 2263 3075; baseline 0.001 -17"><span class='ocrx_word' id='word_1_265' title='bbox 228 3008 347 3069; x_wconf 85' lang='grc' dir='ltr'><strong><em>σοί;</em></strong></span> <span class='ocrx_word' id='word_1_266' title='bbox 388 3026 421 3058; x_wconf 81' lang='lat' dir='ltr'><strong>a</strong></span> <span class='ocrx_word' id='word_1_267' title='bbox 459 3025 590 3074; x_wconf 81' lang='grc' dir='ltr'><strong><em>ουχι</em></strong></span> <span class='ocrx_word' id='word_1_268' title='bbox 627 3006 719 3060; x_wconf 77' lang='grc' dir='ltr'><strong><em>σοὶ</em></strong></span> <span class='ocrx_word' id='word_1_269' title='bbox 754 3010 794 3058; x_wconf 90' lang='grc' dir='ltr'><strong>Ζ</strong></span> <span class='ocrx_word' id='word_1_270' title='bbox 932 3012 995 3060; x_wconf 87' lang='grc'><strong><em>10</em></strong></span> <span class='ocrx_word' id='word_1_271' title='bbox 1029 3025 1111 3075; x_wconf 90' lang='grc' dir='ltr'><strong><em>μα</em></strong></span> <span class='ocrx_word' id='word_1_272' title='bbox 1148 3002 1231 3059; x_wconf 70' lang='grc' dir='ltr'><strong><em>δί’</em></strong></span> <span class='ocrx_word' id='word_1_273' title='bbox 1270 3010 1322 3058; x_wconf 91' lang='lat' dir='ltr'>V</span> <span class='ocrx_word' id='word_1_274' title='bbox 1356 3001 1439 3073; x_wconf 77' lang='grc' dir='ltr'><strong><em>μὰ</em></strong></span> <span class='ocrx_word' id='word_1_275' title='bbox 1477 3006 1580 3059; x_wconf 80' lang='grc' dir='ltr'><strong><em>δία</em></strong></span> <span class='ocrx_word' id='word_1_276' title='bbox 1616 3008 1661 3070; x_wconf 92' lang='lat' dir='ltr'>Q</span> <span class='ocrx_word' id='word_1_277' title='bbox 1699 3024 1780 3073; x_wconf 90' lang='grc' dir='ltr'><strong><em>μα</em></strong></span> <span class='ocrx_word' id='word_1_278' title='bbox 1817 3006 1877 3059; x_wconf 81' lang='grc' dir='ltr'><strong><em>δι</em></strong></span> <span class='ocrx_word' id='word_1_279' title='bbox 1913 3010 1957 3059; x_wconf 91' lang='grc' dir='ltr'>Ρ</span> <span class='ocrx_word' id='word_1_280' title='bbox 1995 3003 2074 3074; x_wconf 76' lang='grc' dir='ltr'><strong><em>μὰ</em></strong></span> <span class='ocrx_word' id='word_1_281' title='bbox 2113 3007 2174 3060; x_wconf 81' lang='grc' dir='ltr'><strong><em>δὶ</em></strong></span> <span class='ocrx_word' id='word_1_282' title='bbox 2261 3039 2263 3044; x_wconf 65' lang='grc'><strong><em>«</em></strong></span> 
     </span>
    </p>
   </div>
   <div class='ocr_carea' id='block_1_13' title="bbox 225 3069 2175 3412">
    <p class='ocr_par' dir='ltr' id='par_1_14' title="bbox 229 3069 2030 3141">
     <span class='ocr_line' id='line_1_34' title="bbox 229 3069 2030 3141; baseline 0 -15"><span class='ocrx_word' id='word_1_283' title='bbox 229 3077 283 3126; x_wconf 90' lang='grc' dir='ltr'><strong><em>Κ</em></strong></span> <span class='ocrx_word' id='word_1_284' title='bbox 308 3076 349 3124; x_wconf 91' lang='grc' dir='ltr'><strong>Ζ</strong></span> <span class='ocrx_word' id='word_1_285' title='bbox 509 3079 572 3126; x_wconf 91' lang='grc'><strong><em>11·</em></strong></span> <span class='ocrx_word' id='word_1_286' title='bbox 610 3072 743 3128; x_wconf 75' lang='grc' dir='ltr'><strong><em>κυνὶ</em></strong></span> <span class='ocrx_word' id='word_1_287' title='bbox 778 3093 915 3128; x_wconf 85' lang='lat' dir='ltr'><strong><em>corr.</em></strong></span> <span class='ocrx_word' id='word_1_288' title='bbox 953 3093 1023 3127; x_wconf 82' lang='lat' dir='ltr'><strong><em>eoe</em></strong></span> <span class='ocrx_word' id='word_1_289' title='bbox 1057 3069 1205 3141; x_wconf 82' lang='grc' dir='ltr'><strong><em>κυνή</em></strong></span> <span class='ocrx_word' id='word_1_290' title='bbox 1244 3076 1290 3137; x_wconf 91' lang='grc' dir='ltr'>Ω</span> <span class='ocrx_word' id='word_1_291' title='bbox 1448 3071 1666 3127; x_wconf 79' lang='grc' dir='ltr'><strong><em>αἰσῶπο</em></strong></span> <span class='ocrx_word' id='word_1_292' title='bbox 1705 3076 1749 3125; x_wconf 93' lang='grc' dir='ltr'>Ρ</span> <span class='ocrx_word' id='word_1_293' title='bbox 1782 3084 1837 3126; x_wconf 74' lang='grc' dir='ltr'><strong><em>ιιι</em></strong></span> <span class='ocrx_word' id='word_1_294' title='bbox 1871 3092 2030 3141; x_wconf 75' lang='lat' dir='ltr'><strong><em>saepe</em></strong></span> 
     </span>
    </p>

    <p class='ocr_par' dir='ltr' id='par_1_15' title="bbox 225 3137 2175 3412">
     <span class='ocr_line' id='line_1_35' title="bbox 225 3137 2175 3210; baseline -0.001 -16"><span class='ocrx_word' id='word_1_295' title='bbox 225 3137 514 3210; x_wconf 76' lang='grc' dir='ltr'><strong><em>κληθέντι</em></strong></span> <span class='ocrx_word' id='word_1_296' title='bbox 551 3160 645 3195; x_wconf 87' lang='lat' dir='ltr'><strong><em>om.</em></strong></span> <span class='ocrx_word' id='word_1_297' title='bbox 684 3145 730 3195; x_wconf 88' lang='lat' dir='ltr'>P</span> <span class='ocrx_word' id='word_1_298' title='bbox 904 3147 967 3195; x_wconf 86' lang='lat'><strong><em>13</em></strong></span> <span class='ocrx_word' id='word_1_299' title='bbox 1013 3159 1100 3195; x_wconf 91' lang='grc' dir='ltr'><strong><em>σοι</em></strong></span> <span class='ocrx_word' id='word_1_300' title='bbox 1145 3143 1338 3205; x_wconf 72' lang='lat' dir='ltr'><strong><em>factum</em></strong></span> <span class='ocrx_word' id='word_1_301' title='bbox 1386 3160 1456 3194; x_wconf 78' lang='lat' dir='ltr'><strong><em>eoe</em></strong></span> <span class='ocrx_word' id='word_1_302' title='bbox 1501 3158 1604 3194; x_wconf 88' lang='grc' dir='ltr'><strong><em>σου</em></strong></span> <span class='ocrx_word' id='word_1_303' title='bbox 1641 3143 1686 3205; x_wconf 90' lang='grc' dir='ltr'>Ω</span> <span class='ocrx_word' id='word_1_304' title='bbox 1735 3142 1831 3195; x_wconf 89' lang='grc' dir='ltr'><strong><em>σοι’</em></strong></span> <span class='ocrx_word' id='word_1_305' title='bbox 1869 3145 1906 3194; x_wconf 82' lang='lat' dir='ltr'>b</span> <span class='ocrx_word' id='word_1_306' title='bbox 1953 3141 2044 3195; x_wconf 85' lang='grc' dir='ltr'><strong><em>συὶ</em></strong></span> <span class='ocrx_word' id='word_1_307' title='bbox 2094 3143 2175 3210; x_wconf 68' lang='lat' dir='ltr'><strong><em>ed.</em></strong></span> 
     </span>
     <span class='ocr_line' id='line_1_36' title="bbox 225 3198 2175 3277; baseline 0 -17"><span class='ocrx_word' id='word_1_308' title='bbox 225 3211 416 3261; x_wconf 80' lang='lat' dir='ltr'>Neuel.</span> <span class='ocrx_word' id='word_1_309' title='bbox 542 3215 605 3262; x_wconf 82' lang='lat'><strong><em>14</em></strong></span> <span class='ocrx_word' id='word_1_310' title='bbox 640 3210 741 3265; x_wconf 75' lang='grc' dir='ltr'><strong><em>καὶ</em></strong></span> <span class='ocrx_word' id='word_1_311' title='bbox 778 3204 809 3263; x_wconf 82' lang='grc' dir='ltr'><strong>ὁ</strong></span> <span class='ocrx_word' id='word_1_312' title='bbox 847 3211 1103 3271; x_wconf 77' lang='grc' dir='ltr'><strong><em>αἴσωπος</em></strong></span> <span class='ocrx_word' id='word_1_313' title='bbox 1137 3214 1190 3262; x_wconf 73' lang='lat' dir='ltr'><strong><em>in</em></strong></span> <span class='ocrx_word' id='word_1_314' title='bbox 1225 3228 1336 3261; x_wconf 82' lang='lat' dir='ltr'><strong><em>mar</em></strong></span> <span class='ocrx_word' id='word_1_315' title='bbox 1371 3214 1452 3262; x_wconf 82' lang='lat' dir='ltr'><strong><em>ine</em></strong></span> <span class='ocrx_word' id='word_1_316' title='bbox 1488 3213 1610 3261; x_wconf 82' lang='lat' dir='ltr'><strong><em>add.</em></strong></span> <span class='ocrx_word' id='word_1_317' title='bbox 1645 3212 1695 3261; x_wconf 90' lang='lat' dir='ltr'>V</span> <span class='ocrx_word' id='word_1_318' title='bbox 1729 3227 1796 3277; x_wconf 66' lang='grc' dir='ltr'><strong><em>ῳ.</em></strong></span> <span class='ocrx_word' id='word_1_319' title='bbox 1822 3227 1901 3276; x_wconf 89' lang='lat' dir='ltr'><strong><em>pr.</em></strong></span> <span class='ocrx_word' id='word_1_320' title='bbox 2031 3213 2095 3261; x_wconf 85' lang='lat'><strong><em>15</em></strong></span> <span class='ocrx_word' id='word_1_321' title='bbox 2132 3198 2175 3260; x_wconf 79' lang='grc' dir='ltr'><em>ὦ</em></span> 
     </span>
     <span class='ocr_line' id='line_1_37' title="bbox 229 3264 2174 3341; baseline -0.001 -13"><span class='ocrx_word' id='word_1_322' title='bbox 229 3273 487 3329; x_wconf 79' lang='grc' dir='ltr'><strong><em>δέσποτα</em></strong></span> <span class='ocrx_word' id='word_1_323' title='bbox 522 3280 618 3331; x_wconf 78' lang='lat' dir='ltr'><strong><em>hoc</em></strong></span> <span class='ocrx_word' id='word_1_324' title='bbox 654 3283 763 3331; x_wconf 82' lang='lat' dir='ltr'><em>loco</em></span> <span class='ocrx_word' id='word_1_325' title='bbox 798 3280 876 3330; x_wconf 84' lang='lat' dir='ltr'><strong><em>V:</em></strong></span> <span class='ocrx_word' id='word_1_326' title='bbox 927 3282 1090 3332; x_wconf 80' lang='lat' dir='ltr'><em>ceteri</em></span> <span class='ocrx_word' id='word_1_327' title='bbox 1124 3279 1243 3329; x_wconf 80' lang='lat' dir='ltr'><em>libri</em></span> <span class='ocrx_word' id='word_1_328' title='bbox 1278 3276 1315 3329; x_wconf 79' lang='grc' dir='ltr'><em>ὃ</em></span> <span class='ocrx_word' id='word_1_329' title='bbox 1351 3294 1549 3338; x_wconf 85' lang='grc' dir='ltr'><strong><em>σποτα,</em></strong></span> <span class='ocrx_word' id='word_1_330' title='bbox 1587 3278 1632 3340; x_wconf 90' lang='grc' dir='ltr'>Ω</span> <span class='ocrx_word' id='word_1_331' title='bbox 1670 3264 1713 3328; x_wconf 76' lang='grc' dir='ltr'><em>ὦ</em></span> <span class='ocrx_word' id='word_1_332' title='bbox 1752 3275 2019 3339; x_wconf 82' lang='grc' dir='ltr'><strong><em>δέσποτα,</em></strong></span> <span class='ocrx_word' id='word_1_333' title='bbox 2054 3285 2174 3341; x_wconf 76' lang='lat' dir='ltr'><em>post</em></span> 
     </span>
     <span class='ocr_line' id='line_1_38' title="bbox 227 3338 2169 3412; baseline -0.001 -16"><span class='ocrx_word' id='word_1_334' title='bbox 227 3338 539 3407; x_wconf 76' lang='grc' dir='ltr'><strong><em>ἐκέλευσας</em></strong></span> <span class='ocrx_word' id='word_1_335' title='bbox 575 3345 684 3412; x_wconf 82' lang='grc'>(15)</span> <span class='ocrx_word' id='word_1_336' title='bbox 801 3350 862 3398; x_wconf 85' lang='grc'><strong><em>17</em></strong></span> <span class='ocrx_word' id='word_1_337' title='bbox 901 3356 996 3399; x_wconf 86' lang='grc' dir='ltr'><strong><em>σοι’</em></strong></span> <span class='ocrx_word' id='word_1_338' title='bbox 1027 3364 1121 3398; x_wconf 89' lang='lat' dir='ltr'><strong><em>om.</em></strong></span> <span class='ocrx_word' id='word_1_339' title='bbox 1156 3347 1206 3396; x_wconf 90' lang='lat' dir='ltr'>V</span> <span class='ocrx_word' id='word_1_340' title='bbox 1311 3344 1490 3412; x_wconf 84' lang='grc' dir='ltr'><strong><em>φησὶν</em></strong></span> <span class='ocrx_word' id='word_1_341' title='bbox 1527 3362 1618 3397; x_wconf 88' lang='lat' dir='ltr'><strong><em>om.</em></strong></span> <span class='ocrx_word' id='word_1_342' title='bbox 1654 3345 1705 3394; x_wconf 94' lang='lat' dir='ltr'>D</span> <span class='ocrx_word' id='word_1_343' title='bbox 1812 3347 1876 3396; x_wconf 88' lang='lat'><strong><em>18</em></strong></span> <span class='ocrx_word' id='word_1_344' title='bbox 1913 3341 2065 3410; x_wconf 84' lang='grc' dir='ltr'><strong><em>λέγει</em></strong></span> <span class='ocrx_word' id='word_1_345' title='bbox 2102 3346 2169 3410; x_wconf 86' lang='grc' dir='ltr'><strong><em>Ε,</em></strong></span> 
     </span>
    </p>
   </div>
   <div class='ocr_carea' id='block_1_14' title="bbox 225 3431 2174 3681">
    <p class='ocr_par' dir='ltr' id='par_1_16' title="bbox 225 3431 2174 3681">
     <span class='ocr_line' id='line_1_39' title="bbox 225 3431 2174 3550; baseline 0.001 -21"><span class='ocrx_word' id='word_1_346' title='bbox 225 3480 276 3529; x_wconf 87' lang='lat' dir='ltr'>A</span> <span class='ocrx_word' id='word_1_347' title='bbox 311 3478 477 3544; x_wconf 74' lang='lat' dir='ltr'><strong><em>(eor-r.</em></strong></span> <span class='ocrx_word' id='word_1_348' title='bbox 504 3482 551 3531; x_wconf 93' lang='lat' dir='ltr'>A</span> <span class='ocrx_word' id='word_1_349' title='bbox 574 3481 626 3544; x_wconf 78' lang='lat'><strong><em>2)</em></strong></span> <span class='ocrx_word' id='word_1_350' title='bbox 664 3431 727 3533; x_wconf 54' lang='grc' dir='ltr'><strong><em>λζ</em></strong></span> <span class='ocrx_word' id='word_1_351' title='bbox 762 3484 818 3532; x_wconf 91' lang='grc' dir='ltr'>Η</span> <span class='ocrx_word' id='word_1_352' title='bbox 852 3478 1088 3550; x_wconf 84' lang='grc' dir='ltr'><strong><em>λέγηται</em></strong></span> <span class='ocrx_word' id='word_1_353' title='bbox 1124 3483 1177 3532; x_wconf 88' lang='lat' dir='ltr'><strong>K</strong></span> <span class='ocrx_word' id='word_1_354' title='bbox 1199 3482 1239 3530; x_wconf 90' lang='lat' dir='ltr'>Z</span> <span class='ocrx_word' id='word_1_355' title='bbox 1265 3497 1302 3530; x_wconf 77' lang='lat' dir='ltr'>v</span> <span class='ocrx_word' id='word_1_356' title='bbox 1415 3473 1510 3532; x_wconf 76' lang='grc' dir='ltr'><strong><em>ἐπὶ</em></strong></span> <span class='ocrx_word' id='word_1_357' title='bbox 1551 3479 1794 3545; x_wconf 78' lang='grc' dir='ltr'><strong><em>λαχίστω</em></strong></span> <span class='ocrx_word' id='word_1_358' title='bbox 1829 3481 1877 3530; x_wconf 90' lang='lat' dir='ltr'>R</span> <span class='ocrx_word' id='word_1_359' title='bbox 1913 3470 2174 3544; x_wconf 74' lang='grc' dir='ltr'><strong><em>ἐπιλαχί-</em></strong></span> 
     </span>
     <span class='ocr_line' id='line_1_40' title="bbox 227 3539 2035 3614; baseline -0.001 -16"><span class='ocrx_word' id='word_1_360' title='bbox 227 3561 342 3599; x_wconf 85' lang='grc' dir='ltr'><strong><em>στω</em></strong></span> <span class='ocrx_word' id='word_1_361' title='bbox 377 3547 429 3597; x_wconf 98' lang='lat' dir='ltr'>D</span> <span class='ocrx_word' id='word_1_362' title='bbox 465 3565 532 3598; x_wconf 88' lang='lat' dir='ltr'><strong><em>m.</em></strong></span> <span class='ocrx_word' id='word_1_363' title='bbox 558 3565 640 3614; x_wconf 84' lang='lat' dir='ltr'><strong><em>pr.</em></strong></span> <span class='ocrx_word' id='word_1_364' title='bbox 690 3540 812 3614; x_wconf 74' lang='grc' dir='ltr'><strong><em>(ἐπ’</em></strong></span> <span class='ocrx_word' id='word_1_365' title='bbox 853 3542 934 3604; x_wconf 78' lang='grc' dir='ltr'><strong><em>ἔλ.</em></strong></span> <span class='ocrx_word' id='word_1_366' title='bbox 972 3553 1200 3601; x_wconf 75' lang='lat' dir='ltr'><em>restituit</em></span> <span class='ocrx_word' id='word_1_367' title='bbox 1232 3550 1284 3598; x_wconf 94' lang='lat' dir='ltr'>D</span> <span class='ocrx_word' id='word_1_368' title='bbox 1310 3548 1399 3613; x_wconf 82' lang='lat'><strong><em>2),</em></strong></span> <span class='ocrx_word' id='word_1_369' title='bbox 1446 3539 1548 3599; x_wconf 77' lang='grc' dir='ltr'><strong><em>ὑπ’</em></strong></span> <span class='ocrx_word' id='word_1_370' title='bbox 1590 3541 1664 3602; x_wconf 80' lang='grc' dir='ltr'><strong><em>ἑλ.</em></strong></span> <span class='ocrx_word' id='word_1_371' title='bbox 1705 3564 1736 3597; x_wconf 79' lang='lat' dir='ltr'>a</span> <span class='ocrx_word' id='word_1_372' title='bbox 1781 3539 1932 3599; x_wconf 79' lang='grc' dir='ltr'><strong><em>ἔπελ.</em></strong></span> <span class='ocrx_word' id='word_1_373' title='bbox 1980 3547 2035 3597; x_wconf 92' lang='grc' dir='ltr'><strong>Η</strong></span> 
     </span>
     <span class='ocr_line' id='line_1_41' title="bbox 229 3613 796 3681; baseline 0.007 -16"><span class='ocrx_word' id='word_1_374' title='bbox 229 3617 294 3666; x_wconf 87' lang='grc'><strong><em>19</em></strong></span> <span class='ocrx_word' id='word_1_375' title='bbox 335 3613 705 3681; x_wconf 77' lang='grc' dir='ltr'><strong><em>λοιδωρεῖται</em></strong></span> <span class='ocrx_word' id='word_1_376' title='bbox 741 3619 796 3668; x_wconf 90' lang='lat' dir='ltr'>H</span> 
     </span>
    </p>
   </div>
   <div class='ocr_carea' id='block_1_15' title="bbox 330 3701 1964 3751">
    <p class='ocr_par' dir='ltr' id='par_1_17' title="bbox 330 3701 1964 3751">
     <span class='ocr_line' id='line_1_42' title="bbox 330 3701 1964 3751; baseline 0.002 -4"><span class='ocrx_word' id='word_1_377' title='bbox 330 3707 449 3748; x_wconf 60' lang='lat' dir='ltr'><strong><em>Fan.</em></strong></span> <span class='ocrx_word' id='word_1_378' title='bbox 476 3708 600 3750; x_wconf 72' lang='lat' dir='ltr'><strong>Bon.</strong></span> <span class='ocrx_word' id='word_1_379' title='bbox 653 3710 689 3751; x_wconf 90' lang='lat'><strong><em>1.</em></strong></span> <span class='ocrx_word' id='word_1_380' title='bbox 1902 3701 1964 3751; x_wconf 80' lang='grc'><strong><em>17</em></strong></span> 
     </span>
    </p>
   </div>
  </div>
 </body>
</html>
