2563 4087
17 2 196 79 V*
291 2 310 5 ε
339 2 352 5 ᾗ,

805 285 836 321 e
867 268 1058 322 codice
1088 268 1392 324 Dresdensi
1421 272 1468 324 D
1499 277 1584 325 33.
1671 238 1682 247 .
1843 327 1857 346 x
2036 268 2162 332 205

188 391 268 448 τὸ
322 389 503 447 ἄλλω.
565 396 697 447 hanc
745 402 1090 449 narrationem
1138 402 1187 449 D
1230 418 1411 464 presse
1456 405 1690 468 sequitur
1743 403 1752 468 Ι
1804 406 1887 467 28,
1939 408 2004 455 10
2061 403 2163 456 καὶ

192 477 427 546 ἔλαχεν
466 478 569 533 καὶ
606 467 746 547 ηὗρε
784 477 888 533 ἕνα
924 483 1149 547 μελίσσι
1184 500 1255 548 με
1304 476 1642 553 τὸκοφηνί.
1676 484 1687 554 Ι
1717 489 1799 551 28,
1841 492 1903 540 13
1940 477 2091 554 ὅμως
2128 481 2158 539 ὃ

188 560 475 632 κυνηγὸς
515 561 783 631 ἔφθασεν
823 562 906 625 εἰς
953 563 1016 617 τὸ
1054 568 1262 634 χωρίον
1311 586 1381 636 με
1419 568 1482 621 τὸ
1518 571 1743 637 μελίσσι
1779 570 1880 623 καὶ.
1916 565 2044 624 ἐκεῖ
2075 566 2157 630 εἰς

192 646 264 702 τὸ
307 643 552 716 παζοῖρη
591 643 875 701 ἐκάθετον
911 643 1097 712 ἄλλως
1136 654 1189 718 (.
1215 693 1228 707 .
1255 654 1339 719 ος)
1388 646 1722 724 ἅνθρωπος,
1771 655 1970 715 καθῶς
2008 651 2159 707 εἶναι

190 729 230 802 ἡ
277 726 612 801 συνήθεια.
669 732 771 785 καὶ.
816 727 1044 798 ἐκράτει
1084 733 1188 789 ἕνα
1224 736 1511 805 βαροῖδμ),
1560 738 1660 791 καὶ
1705 737 2022 807 βλέποντας
2059 733 2159 791 τὸν

188 812 506 886 κυνηγὸν,
547 811 801 886 ἠθέλησε
836 813 912 871 voi
951 814 1205 889 ἀγοράσῃ
1232 820 1298 874 τὸ
1336 824 1561 888 μελίσσι
1581 824 1678 890 (sic
1704 827 1752 875 D
1778 825 2021 890 semper),
2059 822 2160 875 καὶ

192 901 427 970 ἔβαλαι
467 905 520 970 (.
547 944 558 956 .
585 905 638 974 ε)
674 901 739 958 τὸ
780 901 902 973 χέρι
940 922 1041 957 του
1079 922 1154 957 να
1199 902 1265 958 τὸ
1302 903 1405 973 ἷὸῆ
1442 905 1541 959 καὶ
1576 926 1652 959 να
1689 901 1753 960 τὸ
1789 907 2007 975 γευθῆ,
2057 907 2159 960 καὶ

190 980 407 1049 edesse
446 976 599 1056 ἦλθε
636 990 742 1057 μία
786 986 1051 1056 μέλισσα,
1103 981 1219 1042 ἀπὸ
1265 986 1331 1042 τό
1379 984 1680 1060 στάλαγμα
1723 987 1952 1057 ἕκεῖνω,
2003 994 2162 1059 (quod

191 1093 244 1126 u.
299 1077 365 1124 in
390 1076 492 1125 hac
515 1079 751 1126 versione
795 1077 976 1126 lineam
1013 1078 1094 1138 28,
1125 1079 1188 1127 19
1222 1080 1480 1127 eoecidisse
1500 1079 1692 1143 arguit)
1722 1076 1819 1130 καὶ
1843 1075 2049 1144 έτρωγε
2095 1075 2160 1130 τὸ

189 1156 366 1225 μέλι.
426 1146 571 1225 ἦτον
618 1156 681 1212 δὲ
728 1158 834 1225 μία
882 1164 1136 1223 γυναῖκα
1185 1153 1303 1212 ἀπὸ
1363 1157 1427 1213 τὸ
1475 1161 1682 1228 χωρίον
1730 1158 1962 1223 ἐκείνω,
2010 1156 2162 1213 ὀποῦ

192 1232 360 1312 ἦτον
395 1237 427 1297 ὁ
470 1235 827 1311 ἁγοραστῆςΙ
864 1247 948 1307 29,
987 1248 1019 1295 6
1057 1240 1271 1311 ἔδραμε
1308 1244 1425 1297 καὶ
1471 1239 1645 1310 αὐτὴ
1688 1243 1771 1306 εἰς
1807 1263 1872 1298 το
1908 1246 2153 1311 μελίσσι,

190 1327 309 1382 καὶ
357 1324 557 1394 ἔλεγεν
589 1317 683 1380 ὅτι
709 1321 999 1394 ἕγνωρίζει
1031 1345 1125 1392 το,
1165 1320 1376 1395 ὁμοίως
1400 1329 1500 1381 καὶ
1526 1323 1591 1382 τὸ
1632 1323 1897 1396 βαροῖὃ(ι)
1937 1323 2157 1388 gamm,

191 1415 335 1474 πῶς
375 1400 522 1479 ἦτον
558 1405 676 1464 ‹inf›
713 1405 777 1465 τὸ
840 1412 1050 1479 χωρίον
1093 1431 1246 1474 τους.
1292 1413 1392 1466 καὶ
1430 1407 1736 1481 ἕδραμενὸ
1778 1433 1829 1466 κ.
1888 1431 1959 1480 με
2002 1414 2157 1480 βίαν,

194 1490 589 1565 βουλόμενος
613 1515 687 1549 να
716 1494 824 1563 τὴν
847 1494 1132 1565 κρατήσῃ,
1170 1498 1271 1550 καὶ
1300 1491 1487 1559 εὐθύς
1511 1492 1756 1564 ἁρπάζει
1791 1491 1856 1550 τὸ
1895 1499 2157 1565 μελλίσσι

196 1582 203 1650 Ι
247 1587 348 1644 29,
395 1586 462 1633 10
497 1576 570 1641 ὡς
608 1578 732 1635 εἶδε
767 1575 876 1646 τὴν
913 1574 1106 1650 μάχην
1154 1581 1256 1635 τοῦ
1315 1576 1609 1645 αὖθεντός
1644 1602 1776 1650 του,
1832 1574 2047 1650 ἆρχησε
2084 1601 2156 1633 να

194 1666 430 1735 βαβίζη
469 1660 571 1719 τὸν
607 1659 948 1736 ἁγωραστὴν
982 1665 1082 1719 καὶ
1117 1661 1228 1734 τὴν
1252 1682 1330 1735 γ.·
1366 1667 1467 1721 καὶ
1503 1662 1533 1721 ὁ
1572 1688 1621 1724 κ.
1646 1659 1889 1736 εὖγαλαι
1928 1663 2156 1734 (ἔβγαλε

194 1756 233 1804 ἰ.
280 1769 337 1803 e.
382 1744 642 1816 ἐξέβαλε)
678 1743 744 1802 τό
782 1751 987 1817 σπαθῆ
1027 1753 1081 1814 (.
1106 1790 1116 1802 .
1142 1751 1185 1812 ι’)
1218 1752 1343 1828 ΙΙ29,
1394 1756 1456 1804 16
1492 1744 1580 1805 ὅτι
1618 1741 1759 1820 ἦτον
1796 1752 1895 1806 καὶ
1931 1748 1991 1805 οἷ
2027 1745 2155 1815 δυό,

196 1830 329 1889 ἄπο
372 1828 448 1887 τοὶ
486 1836 664 1902 χωρία
700 1829 898 1888 ἐκεῖνα
932 1830 1003 1888 τοὶ
1041 1831 1263 1903 μεγάλα
1304 1837 1404 1889 καὶ
1439 1838 1762 1904 περιφανῆ·
1807 1837 1907 1891 καὶ
1945 1830 2157 1901 ἐπαρα-

192 1913 553 1988 κινήθησαν
588 1918 689 1971 καὶ
725 1914 783 1971 οἰ
817 1914 924 1972 δύο
959 1914 1218 1988 μεγάλως
1256 1960 1269 1973 .
1293 1961 1305 1975 .
1328 1961 1341 1974 .
1382 1925 1444 1973 18
1491 1921 1592 1974 καὶ
1636 1914 1753 1974 ἀπὸ
1791 1917 1898 1989 τὴν
1935 1913 2157 1975 ὑπόθε-

194 2021 299 2059 σιν
343 1995 559 2069 αὐτὴν,
599 1996 1030 2074 ἕσυγχήστησαν
1080 2006 1116 2069 (.
1147 1999 1303 2059 aba&
1331 2007 1398 2066 ..)
1434 2005 1533 2059 καὶ
1571 1999 1643 2058 τὰ
1681 2005 1787 2060 δύο
1826 2006 2018 2074 χωρία.
2057 2005 2158 2058 καὶ

195 2089 402 2155 ἔγεινε
440 2081 660 2156 μεγάλη
687 2083 1074 2150 ἐπανάστασις
1097 2088 1196 2143 καὶ
1222 2084 1718 2159 ἔπατασφοὶγησαν
1818 2095 1826 2151 Ι
1857 2096 1941 2156 30,
1969 2096 2001 2143 3
2038 2081 2150 2142 ἀπὸ

193 2168 417 2245 ψηλὴν
472 2173 570 2227 καὶ
624 2171 914 2240 ψεῦτικην
975 2169 1349 2244 κατάσκευὴν
1393 2215 1441 2228 ..
1496 2177 1503 2241 Ι
1552 2180 1634 2237 30,
1694 2180 1725 2228 9
1789 2170 1863 2228 να
1917 2168 2157 2242 ἁγορασι

193 2266 278 2367 ἷκεὲ
335 2313 401 2374 (ι’.
440 2327 487 2364 e.
524 2302 747 2374 οἵσπρου
793 2309 1033 2376 nummo)
1088 2304 1233 2373 ὁρίζι
1273 2313 1379 2376 (31,
1422 2316 1446 2362 1
1501 2329 1572 2379 με
1625 2305 1821 2380 τὸριζι.
1871 2316 1953 2375 31,
1995 2315 2042 2363 5.
2093 2315 2153 2362 16

196 2393 386 2463 ορίζι)
421 2394 430 2454 Ι
463 2397 545 2456 30,
587 2397 647 2444 11
685 2392 788 2445 καὶ
824 2393 981 2446 ὃίδει
1017 2387 1080 2446 τὸ
1120 2386 1334 2461 ἆσπρο,
1381 2414 1455 2448 να
1489 2392 1631 2465 πᾶρι
1670 2397 1705 2463 (.
1730 2434 1742 2448 .
1770 2396 1826 2466 ῃ)
1864 2389 2025 2463 ὁρίζη
2065 2413 2156 2462 χο·

193 2481 290 2550 ρὶς
333 2471 404 2531 τὸ
444 2471 806 2543 καλούμενον
844 2471 1137 2545 σαχοῖρεως
1175 2479 1293 2546 (sic)
1333 2480 1420 2545 (15
1445 2481 1588 2547 χωρί
1616 2477 1680 2534 τὰ
1706 2474 1912 2548 σάχαρι
1951 2483 2013 2531 19
2040 2474 2154 2530 ἀπὸ

196 2558 261 2618 τὸ
308 2558 583 2629 σοὶχαριν.
624 2566 706 2627 31,
744 2562 796 2627 5)
830 2561 838 2627 Ι
869 2568 952 2627 30,
990 2566 1054 2616 17
1091 2556 1251 2629 ἔμεῐς
1288 2560 1395 2617 §zv
1419 2557 1484 2616 τὸ
1523 2561 1730 2631 ἔχομεν
1780 2562 1879 2625 εἰς
1927 2554 2155 2631 ἄρτυμα

19 2709 20 2716 ¹
200 2650 209 2718 Ι
251 2654 345 2711 30,
383 2651 455 2698 22
492 2643 709 2713 ἔὸωσεΙ
757 2651 839 2711 31,
868 2652 899 2698 2
936 2652 1194 2714 μαντιλιε
1232 2642 1486 2713 μανὸύλι
1523 2653 1608 2714 31,
1644 2650 1693 2701 6.
1732 2653 1811 2703 10.
1853 2652 1915 2699 14
1946 2648 1954 2712 Ι
2001 2653 2084 2712 31,
2124 2654 2155 2699 3

19 2739 22 2842 Ι
196 2752 324 2799 παρ
349 2772 362 2783 .
384 2770 398 2783 .
422 2768 438 2783 .
476 2725 598 2797 aba]
644 2727 851 2784 ἔθεσέν
886 2749 967 2796 το,
1007 2728 1338 2799 ἔμπροσθεν
1375 2731 1457 2794 εἰς
1487 2732 1497 2800 Ι
1526 2738 1560 2785 4
1586 2724 1819 2800 αὐτίκα]
1847 2725 1994 2799 αὐτὴ
2027 2734 2036 2796 Ι
2066 2738 2153 2799 31,

199 2824 234 2871 5
271 2811 393 2884 τὴν
433 2808 762 2881 ἐπιθυμίαν
799 2827 943 2881 της·
981 2816 1082 2868 καὶ
1119 2811 1184 2869 τὸ
1220 2817 1393 2870 παιδὶ
1429 2816 1534 2871 τοῦ
1570 2816 1817 2884 πουλητὶ
1856 2813 2056 2870 ἔλυσεν
2093 2812 2156 2870 τὸ

200 2894 505 2969 μανδύλι,
561 2898 661 2952 καὶ
713 2892 907 2968 ἐποίρε
950 2894 1183 2967 (ἐπῆρε)
1219 2902 1414 2968 τορίζη
1469 2902 1567 2955 καὶ
1621 2895 1728 2970 τὴν
1776 2896 2020 2970 σάχαριν
2056 2903 2155 2956 καὶ

201 2985 385 3054 ἔβαλε
422 2982 570 3051 μέσα
605 2982 792 3051 χῶμα·
836 2983 935 3036 καὶ
974 2979 1038 3037 τό
1077 2983 1242 3039 §osas
1279 2986 1482 3047 καθῶς
1525 2975 1668 3053 ἦτον
1703 2987 1900 3053 πρῶτα
1931 2988 1939 3054 Ι
1970 2992 2052 3050 31,
2094 2992 2157 3040 10

201 3064 242 3125 ὖ
281 3089 337 3127 τ.
379 3062 423 3122 ἑ.
464 3087 542 3121 om
572 3068 581 3134 Ι
611 3073 695 3133 31,
734 3073 797 3120 11
836 3064 964 3122 εἶτα
1009 3058 1161 3137 ἦλθε
1203 3064 1384 3123 κοντοὶ
1431 3071 1726 3138 (celeriter)
1773 3073 1783 3139 Ι
1832 3077 1915 3137 31,
1957 3076 2020 3125 18
2056 3072 2156 3125 καὶ

202 3153 388 3223 ἔφερε
445 3145 718 3206 κόσκινον
781 3146 1022 3207 ἅντιὸια
1081 3150 1396 3224 τζουκοὶλ(ι)
1469 3155 1565 3221 (sic
1619 3156 1707 3220 14)
1755 3155 1764 3224 Ι
1822 3162 1912 3220 31,
1964 3161 2031 3208 20
2083 3154 2155 3224 μὲ

202 3236 490 3306 ἔκρουσεν
531 3233 633 3290 ἕνα
673 3230 886 3306 ἄλογον
920 3240 1062 3305 μίαν
1098 3235 1376 3303 κλοτζέαν
1413 3241 1599 3306 (ictus)
1631 3242 1639 3306 Ι
1670 3245 1754 3306 31,
1796 3245 1861 3293 23
1900 3231 1972 3293 ὃῖν
2009 3238 2152 3307 τύχη

203 3318 285 3375 νά
325 3315 489 3389 ηὖρῶ
526 3338 590 3373 το
626 3313 811 3388 ἄσπρο
841 3322 851 3390 Ι
883 3327 967 3388 32,
1006 3328 1037 3375 2
1076 3317 1422 3391 ἕκοσκύνησε
1457 3319 1520 3377 τό
1557 3321 1721 3392 χῶμα
1745 3317 1997 3392 μοναχὸς
2027 3327 2035 3386 Ι
2068 3330 2150 3388 32,

205 3414 240 3462 3
280 3406 496 3474 ταῦτα]
540 3399 691 3459 αὐτοὶ
731 3403 885 3460 εἶναι
923 3411 978 3472 (ι’.
1019 3426 1065 3461 e.
1106 3402 1242 3472 ἐστι)
1275 3410 1284 3473 Ι
1315 3414 1401 3473 32,
1435 3412 1485 3464 4.
1522 3412 1554 3460 5
1577 3408 1677 3461 καὶ
1698 3447 1711 3460 .
1736 3448 1749 3460 .
1770 3402 1867 3477 ὥς]
1906 3399 1997 3460 ὅτι
2028 3409 2036 3473 Ι
2067 3413 2152 3476 32,

213 3497 245 3545 7
285 3489 760 3558 περιφραγμένος
790 3491 798 3557 Ι
829 3496 914 3558 32,
941 3496 1002 3544 11
1031 3490 1114 3553 εἰς
1149 3486 1383 3560 ἐκείνην
1417 3487 1524 3560 τὴν
1547 3486 1769 3561 ἡμέραν
1802 3494 1809 3559 Ι
1842 3499 1922 3557 33,
1951 3498 1978 3544 1
2005 3491 2152 3565 δῴη]

210 3560 375 3642 asion
407 3575 416 3642 Ι
446 3580 530 3640 33,
555 3580 587 3628 5
623 3575 684 3627 τί
719 3571 871 3629 εἶναι
906 3570 943 3644 ἡ
967 3568 1252 3638 ὑπόθεσις
1275 3570 1500 3645 ἐκείνη·
1533 3578 1543 3645 Ι
1574 3582 1656 3642 33,
1697 3581 1764 3629 14
1797 3578 1913 3631 καὶ
1954 3573 2155 3646 §2:96⁶-
