2563 4087
2032 254 2138 304 V11

177 399 355 487 quod
417 400 754 487 plerisque
811 398 1148 464 codicibus
1206 398 1526 465 Parisinis
1583 423 1742 465 usus
1801 410 1917 484 est,
1976 403 2134 466 mihi

176 523 575 586 persuasum
623 513 723 565 est
768 493 929 565 alios
975 500 1179 566 libros
1226 524 1361 566 non
1407 501 1813 569 adhibuisse.
1904 506 2136 568 tertiae

175 603 608 683 recensioniS,
643 624 809 687 quae
840 623 1139 686 sermone
1162 602 1566 668 Graecorum
1597 605 1957 669 recentiore
1989 627 2136 670 con-

180 707 431 790 scripta
489 713 625 786 est,
683 714 947 790 praesto
992 713 1135 768 erat
1188 703 1358 768 liber
1401 704 1831 786 DresdensiS‚
1890 706 2138 790 insigni

177 805 670 892 praefectorum
758 804 1201 870 bibliothecae
1275 805 1690 884 liberalitate,
1780 806 2135 871 Francisco

180 908 477 973 Schnorr
566 906 653 971 de
738 905 1108 970 Carolsfeld
1196 908 1669 997 intercedente,
1761 906 2138 972 Berolinum

179 1010 634 1074 transmissus.
711 1030 797 1072 ex
866 1008 988 1072 hoc
1043 1006 1239 1087 librog
1267 1008 1580 1091 plurima,
1650 1029 1981 1094 perpauca
2052 1031 2137 1075 ex

178 1111 565 1176 recensione
618 1109 881 1173 omnino
939 1108 1234 1191 diuersa,
1297 1131 1464 1195 quae
1509 1109 1804 1193 Venetiis
1864 1131 1921 1172 a.
1977 1110 2136 1175 1805

180 1213 358 1299 typis
408 1211 746 1296 descripta
791 1219 911 1290 est,
959 1210 1256 1274 lucratus
1296 1232 1458 1275 sum.
1543 1209 1711 1275 liber
1741 1210 2134 1275 Dresdensis

182 1316 473 1399 scriptus
520 1321 620 1375 est
662 1333 883 1374 mense
917 1310 1291 1396 Septembri
1337 1334 1396 1374 a.
1443 1311 1607 1375 1626
1655 1311 1874 1396 (ζρλὸ,
1905 1312 2136 1375 mundi

183 1416 369 1497 7134,
404 1414 460 1477 f.
494 1411 649 1496 272)
695 1411 765 1474 in
808 1410 1021 1477 forma
1065 1421 1189 1493 oct.
1237 1414 1393 1477 min.
1440 1414 1510 1475 in
1551 1411 1777 1494 charta
1807 1410 2131 1477 orientali.

183 1526 321 1580 erat
376 1514 543 1580 olim
600 1513 924 1576 ‘Andreae
984 1512 1257 1577 Ernesti
1312 1537 1354 1577 a
1384 1512 1639 1595 Seidel,
1693 1510 1870 1580 ,Arb.
1927 1515 2132 1578 Bran-

186 1617 401 1696 denb.,
478 1623 732 1700 emptus
804 1614 1076 1697 Argis3'
1138 1620 1247 1689 ‘ex
1312 1637 1486 1700 penu
1538 1617 2132 1702 manuscriptorum

183 1717 707 1783 Seidelianorum
764 1714 1060 1778 Berolini
1100 1718 1267 1795 ,emit
1337 1718 1646 1802 [quinque
1701 1715 1991 1795 thaleris]
2046 1716 2131 1780 V.

184 1818 259 1882 E.
305 1816 749 1897 LoescheruS,
797 1815 911 1879 D?
1001 1816 1129 1895 huc
1173 1816 1347 1880 adde
1392 1840 1557 1903 quae
1601 1840 1663 1903 p.
1715 1817 1835 1897 197
1883 1816 2045 1881 dixi.

305 1919 370 1982 N
375 1941 465 1983 on
493 1938 652 1981 uero
696 1918 1066 2002 impetraui,
1111 1920 1409 2002 quamuis
1437 1918 1712 1999 multam
1751 1939 2024 2004 ⁸operam
2047 1920 2136 1986 ,in

189 2042 263 2085 ea
307 2041 382 2084 re
431 2027 497 2084 et
542 2039 663 2104 ego
720 2028 785 2084 et
838 2017 1034 2083 amici
1088 2021 1705 2103 consumpserimus,
1761 2029 1836 2084 ut
1888 2018 2131 2085 codicis

183 2121 606 2207 Mosquensis
654 2142 846 2206 quem
892 2120 966 2185 C.
1011 2120 1088 2184 F.
1134 2121 1456 2187 Matthiae
1501 2121 1792 2208 repperit
1834 2121 1992 2186 mihi
2038 2121 2132 2184 fa-

186 2224 397 2288 cultas
443 2221 652 2286 fieret.
741 2244 874 2286 non
930 2221 1204 2307 periisse
1251 2223 1516 2308 quidem
1563 2223 1804 2310 librum
1847 2231 1921 2288 ut
1964 2222 2133 2287 fere-

186 2325 380 2388 batur
436 2321 766 2387 Kremlini
820 2320 1122 2387 incendio
1188 2325 1332 2387 ueri
1388 2322 1790 2389 simillimum
1847 2322 2148 2392 reddunt.

187 2445 354 2510 quae
420 2424 599 2489 Mus.
653 2423 864 2489 Rhen.
922 2423 984 2486 V
1039 2447 1104 2510 p.
1160 2425 1286 2489 331
1356 2422 1457 2508 (a.
1529 2425 1735 2508 1837)
1804 2426 2128 2509 leguntur.

186 2526 450 2591 interim
506 2526 579 2588 in
632 2546 708 2590 eo
765 2526 1257 2611 acquiescamus
1317 2526 1496 2612 quod
1541 2527 1831 2592 codicem
1875 2524 2132 2591 Monac.

186 2627 310 2692 525
353 2626 674 2691 habemus
720 2625 895 2690 illius
941 2625 1360 2706 simillimum.
1427 2625 1868 2692 memorabilis
1915 2636 2135 2690 autem

188 2727 294 2792 hic
337 2738 441 2792 est
485 2725 676 2809 liber,
735 2727 929 2813 quod,
988 2729 1047 2791 si
1090 2726 1192 2790 dis
1242 2727 1481 2813 placet,
1539 2727 1679 2792 eius
1724 2729 1839 2814 qui
1890 2726 2134 2792 librum

189 2827 445 2894 Graece
472 2829 800 2893 conuertit
828 2850 1059 2893 nomen
1099 2831 1394 2893 seruauit
1436 2850 1630 2895 unus.
1701 2830 2136 2917 praemissum

189 2930 370 3008 enim·
407 2938 511 2993 est
556 2930 919 2993 narrationi
960 2929 1044 2994 de
1086 2938 1337 3016 septem
1378 2930 1783 3017 sapientibus
1829 2932 1951 2997 hoc
1995 2954 2134 2997 car-

188 3051 358 3112 men,
406 3028 583 3117 quod
626 3032 875 3117 primus
921 3031 1131 3096 edidit
1177 3031 1253 3096 C.
1298 3031 1375 3097 F.
1421 3031 1739 3097 Matthiae
1783 3033 2148 3120 (Syntipae.

189 3129 327 3214 fab.
367 3130 554 3218 Lips.
590 3132 777 3215 1781,
811 3155 874 3218 p.
908 3131 1136 3220 VIII),
1184 3132 1424 3198 deinde
1467 3135 1552 3198 A.
1586 3133 1830 3200 Coraes
1865 3132 2134 3219 (μύθων

190 3232 598 3297 Αἰσωπείων
641 3231 1036 3316 συναγωγή,
1101 3230 1174 3298 ἐν
1217 3238 1636 3322 Παρισιόις
1651 3234 1826 3319 αωι’,
1887 3251 1947 3301 σ.
1994 3260 2064 3319 μ.
2082 3238 2132 3322 ),

190 3330 276 3397 G.
354 3331 444 3396 H.
510 3332 809 3399 GiQauert
872 3334 994 3419 (de
1039 3336 1305 3423 Aesopo
1361 3359 1427 3423 p.
1481 3336 1658 3419 96),
1703 3339 2128 3420 Boissonade,

189 3434 272 3496 A.
332 3431 564 3497 Keller
626 3434 712 3517 (li
758 3435 1045 3502 Romans
1116 3439 1229 3503 des
1285 3450 1429 3525 sept
1475 3461 1663 3524 sages
1709 3464 1774 3526 p.
1825 3437 2130 3522 XXIV),

190 3532 479 3617 denique
524 3533 956 3622 Comparetti.
1502 3597 1508 3602 .

22 3885 333 4052 li---
